%% This BibTeX bibliography file was created using BibDesk.
%% http://bibdesk.sourceforge.net/


%% Created for Peter Hurley at 2016-06-12 09:10:51 +0100 


%% Saved with string encoding Unicode (UTF-8) 



@article{Vaccari:2015,
	Adsnote = {Provided by the SAO/NASA Astrophysics Data System},
	Adsurl = {http://pos.sissa.it/archive/conferences/250/017/SSC2015_017.pdf},
	Archiveprefix = {arXiv},
	Author = {{Vaccari}, M.},
	Date-Added = {2016-06-08 13:42:07 +0000},
	Date-Modified = {2016-06-08 13:44:47 +0000},
	Eprint = {1605.01215},
	Journal = {Refereed Proceedings of the SALT Science Conference 2015 (SSC2015), 1-5 June 2015, Stellenbosch Institute of Advanced Study, South Africa},
	Keywords = {Astrophysics - Astrophysics of Galaxies},
	Month = may,
	Title = {{HELP-ing Extragalactic Surveys : The Herschel Extragalactic Legacy Project and The Coming of Age of Multi-Wavelength Astrophysics}},
	Year = 2016}

@article{Wright:2016,
	Adsnote = {Provided by the SAO/NASA Astrophysics Data System},
	Adsurl = {http://adsabs.harvard.edu/abs/2016MNRAS.460..765W},
	Archiveprefix = {arXiv},
	Author = {{Wright}, A.~H. and {Robotham}, A.~S.~G. and {Bourne}, N. and {Driver}, S.~P. and {Dunne}, L. and {Maddox}, S.~J. and {Alpaslan}, M. and {Andrews}, S.~K. and {Bauer}, A.~E. and {Bland-Hawthorn}, J. and {Brough}, S. and {Brown}, M.~J.~I. and {Clarke}, C. and {Cluver}, M. and {Davies}, L.~J.~M. and {Grootes}, M.~W. and {Holwerda}, B.~W. and {Hopkins}, A.~M. and {Jarrett}, T.~H. and {Kafle}, P.~R. and {Lange}, R. and {Liske}, J. and {Loveday}, J. and {Moffett}, A.~J. and {Norberg}, P. and {Popescu}, C.~C. and {Smith}, M. and {Taylor}, E.~N. and {Tuffs}, R.~J. and {Wang}, L. and {Wilkins}, S.~M.},
	Date-Added = {2016-06-08 13:26:24 +0000},
	Date-Modified = {2016-06-08 13:26:33 +0000},
	Doi = {10.1093/mnras/stw832},
	Eprint = {1604.01923},
	Journal = {\mnras},
	Keywords = {techniques: photometric, astronomical data bases: miscellaneous, galaxies: evolution, galaxies: general, galaxies: photometry},
	Month = jul,
	Pages = {765-801},
	Title = {{Galaxy And Mass Assembly: accurate panchromatic photometry from optical priors using LAMBDAR}},
	Volume = 460,
	Year = 2016,
	Bdsk-Url-1 = {http://dx.doi.org/10.1093/mnras/stw832}}

@article{Astropy-Collaboration:2013,
	Adsnote = {Provided by the SAO/NASA Astrophysics Data System},
	Adsurl = {http://adsabs.harvard.edu/abs/2013A%26A...558A..33A},
	Archiveprefix = {arXiv},
	Author = {{Astropy Collaboration} and {Robitaille}, T.~P. and {Tollerud}, E.~J. and {Greenfield}, P. and {Droettboom}, M. and {Bray}, E. and {Aldcroft}, T. and {Davis}, M. and {Ginsburg}, A. and {Price-Whelan}, A.~M. and {Kerzendorf}, W.~E. and {Conley}, A. and {Crighton}, N. and {Barbary}, K. and {Muna}, D. and {Ferguson}, H. and {Grollier}, F. and {Parikh}, M.~M. and {Nair}, P.~H. and {Unther}, H.~M. and {Deil}, C. and {Woillez}, J. and {Conseil}, S. and {Kramer}, R. and {Turner}, J.~E.~H. and {Singer}, L. and {Fox}, R. and {Weaver}, B.~A. and {Zabalza}, V. and {Edwards}, Z.~I. and {Azalee Bostroem}, K. and {Burke}, D.~J. and {Casey}, A.~R. and {Crawford}, S.~M. and {Dencheva}, N. and {Ely}, J. and {Jenness}, T. and {Labrie}, K. and {Lim}, P.~L. and {Pierfederici}, F. and {Pontzen}, A. and {Ptak}, A. and {Refsdal}, B. and {Servillat}, M. and {Streicher}, O.},
	Date-Added = {2016-01-21 14:04:23 +0000},
	Date-Modified = {2016-01-21 14:04:27 +0000},
	Doi = {10.1051/0004-6361/201322068},
	Eid = {A33},
	Eprint = {1307.6212},
	Journal = {\aap},
	Keywords = {methods: data analysis, methods: miscellaneous, virtual observatory tools},
	Month = oct,
	Pages = {A33},
	Primaryclass = {astro-ph.IM},
	Title = {{Astropy: A community Python package for astronomy}},
	Volume = 558,
	Year = 2013,
	Bdsk-Url-1 = {http://dx.doi.org/10.1051/0004-6361/201322068}}

@article{Hunter:2007,
	Abstract = {Matplotlib is a 2D graphics package used for Python
  for application development, interactive scripting, and
  publication-quality image generation across user
  interfaces and operating systems.},
	Author = {Hunter, J. D.},
	Date-Added = {2016-01-21 14:01:58 +0000},
	Date-Modified = {2016-01-21 14:01:58 +0000},
	Journal = {Computing In Science \& Engineering},
	Number = {3},
	Pages = {90--95},
	Publisher = {IEEE COMPUTER SOC},
	Title = {Matplotlib: A 2D graphics environment},
	Volume = {9},
	Year = 2007}

@article{Berta:2013,
	Adsnote = {Provided by the SAO/NASA Astrophysics Data System},
	Adsurl = {http://adsabs.harvard.edu/abs/2013A%26A...551A.100B},
	Archiveprefix = {arXiv},
	Author = {{Berta}, S. and {Lutz}, D. and {Santini}, P. and {Wuyts}, S. and {Rosario}, D. and {Brisbin}, D. and {Cooray}, A. and {Franceschini}, A. and {Gruppioni}, C. and {Hatziminaoglou}, E. and {Hwang}, H.~S. and {Le Floc'h}, E. and {Magnelli}, B. and {Nordon}, R. and {Oliver}, S. and {Page}, M.~J. and {Popesso}, P. and {Pozzetti}, L. and {Pozzi}, F. and {Riguccini}, L. and {Rodighiero}, G. and {Roseboom}, I. and {Scott}, D. and {Symeonidis}, M. and {Valtchanov}, I. and {Viero}, M. and {Wang}, L.},
	Date-Added = {2016-01-18 11:26:52 +0000},
	Date-Modified = {2016-01-18 11:26:59 +0000},
	Doi = {10.1051/0004-6361/201220859},
	Eid = {A100},
	Eprint = {1301.4496},
	Journal = {\aap},
	Keywords = {infrared: galaxies, galaxies: statistics, galaxies: star formation, galaxies: active, galaxies: evolution},
	Month = mar,
	Pages = {A100},
	Title = {{Panchromatic spectral energy distributions of Herschel sources}},
	Volume = 551,
	Year = 2013,
	Bdsk-Url-1 = {http://dx.doi.org/10.1051/0004-6361/201220859}}

@article{Lacey:2015,
	Adsnote = {Provided by the SAO/NASA Astrophysics Data System},
	Adsurl = {http://adsabs.harvard.edu/abs/2015arXiv150908473L},
	Archiveprefix = {arXiv},
	Author = {{Lacey}, C.~G. and {Baugh}, C.~M. and {Frenk}, C.~S. and {Benson}, A.~J. and {Bower}, R.~G. and {Cole}, S. and {Gonzalez-Perez}, V. and {Helly}, J.~C. and {Lagos}, C.~D.~P. and {Mitchell}, P.~D.},
	Date-Added = {2015-11-23 12:09:11 +0000},
	Date-Modified = {2015-11-23 12:09:17 +0000},
	Eprint = {1509.08473},
	Journal = {ArXiv e-prints},
	Keywords = {Astrophysics - Astrophysics of Galaxies},
	Month = sep,
	Title = {{A unified multi-wavelength model of galaxy formation}},
	Year = 2015}

@article{Bethermin:2012,
	Adsnote = {Provided by the SAO/NASA Astrophysics Data System},
	Adsurl = {http://adsabs.harvard.edu/abs/2012A%26A...542A..58B},
	Archiveprefix = {arXiv},
	Author = {{B{\'e}thermin}, M. and {Le Floc'h}, E. and {Ilbert}, O. and {Conley}, A. and {Lagache}, G. and {Amblard}, A. and {Arumugam}, V. and {Aussel}, H. and {Berta}, S. and {Bock}, J. and {Boselli}, A. and {Buat}, V. and {Casey}, C.~M. and {Castro-Rodr{\'{\i}}guez}, N. and {Cava}, A. and {Clements}, D.~L. and {Cooray}, A. and {Dowell}, C.~D. and {Eales}, S. and {Farrah}, D. and {Franceschini}, A. and {Glenn}, J. and {Griffin}, M. and {Hatziminaoglou}, E. and {Heinis}, S. and {Ibar}, E. and {Ivison}, R.~J. and {Kartaltepe}, J.~S. and {Levenson}, L. and {Magdis}, G. and {Marchetti}, L. and {Marsden}, G. and {Nguyen}, H.~T. and {O'Halloran}, B. and {Oliver}, S.~J. and {Omont}, A. and {Page}, M.~J. and {Panuzzo}, P. and {Papageorgiou}, A. and {Pearson}, C.~P. and {P{\'e}rez-Fournon}, I. and {Pohlen}, M. and {Rigopoulou}, D. and {Roseboom}, I.~G. and {Rowan-Robinson}, M. and {Salvato}, M. and {Schulz}, B. and {Scott}, D. and {Seymour}, N. and {Shupe}, D.~L. and {Smith}, A.~J. and {Symeonidis}, M. and {Trichas}, M. and {Tugwell}, K.~E. and {Vaccari}, M. and {Valtchanov}, I. and {Vieira}, J.~D. and {Viero}, M. and {Wang}, L. and {Xu}, C.~K. and {Zemcov}, M.},
	Date-Added = {2015-10-21 11:29:13 +0000},
	Date-Modified = {2015-10-21 11:29:28 +0000},
	Doi = {10.1051/0004-6361/201118698},
	Eid = {A58},
	Eprint = {1203.1925},
	Journal = {\aap},
	Keywords = {cosmology: observations, diffuse radiation, galaxies: statistics, galaxies: photometry, submillimeter: galaxies, submillimeter: diffuse background},
	Month = jun,
	Pages = {A58},
	Title = {{HerMES: deep number counts at 250 {$\mu$}m, 350 {$\mu$}m and 500 {$\mu$}m in the COSMOS and GOODS-N fields and the build-up of the cosmic infrared background}},
	Volume = 542,
	Year = 2012,
	Bdsk-Url-1 = {http://dx.doi.org/10.1051/0004-6361/201118698}}

@article{Polletta:2007,
	Adsnote = {Provided by the SAO/NASA Astrophysics Data System},
	Adsurl = {http://adsabs.harvard.edu/abs/2007ApJ...663...81P},
	Author = {{Polletta}, M. and {Tajer}, M. and {Maraschi}, L. and {Trinchieri}, G. and {Lonsdale}, C.~J. and {Chiappetti}, L. and {Andreon}, S. and {Pierre}, M. and {Le F{\`e}vre}, O. and {Zamorani}, G. and {Maccagni}, D. and {Garcet}, O. and {Surdej}, J. and {Franceschini}, A. and {Alloin}, D. and {Shupe}, D.~L. and {Surace}, J.~A. and {Fang}, F. and {Rowan-Robinson}, M. and {Smith}, H.~E. and {Tresse}, L.},
	Date-Added = {2015-10-20 14:56:51 +0000},
	Date-Modified = {2015-10-20 14:57:03 +0000},
	Doi = {10.1086/518113},
	Eprint = {astro-ph/0703255},
	Journal = {\apj},
	Keywords = {Galaxies: Active, Infrared: Galaxies, Galaxies: Quasars: General, X-Rays: Galaxies},
	Month = jul,
	Pages = {81-102},
	Title = {{Spectral Energy Distributions of Hard X-Ray Selected Active Galactic Nuclei in the XMM-Newton Medium Deep Survey}},
	Volume = 663,
	Year = 2007,
	Bdsk-Url-1 = {http://dx.doi.org/10.1086/518113}}

@article{Oliver:2010,
	Adsnote = {Provided by the SAO/NASA Astrophysics Data System},
	Adsurl = {http://adsabs.harvard.edu/abs/2010A%26A...518L..21O},
	Archiveprefix = {arXiv},
	Author = {{Oliver}, S.~J. and {Wang}, L. and {Smith}, A.~J. and {Altieri}, B. and {Amblard}, A. and {Arumugam}, V. and {Auld}, R. and {Aussel}, H. and {Babbedge}, T. and {Blain}, A. and {Bock}, J. and {Boselli}, A. and {Buat}, V. and {Burgarella}, D. and {Castro-Rodr{\'{\i}}guez}, N. and {Cava}, A. and {Chanial}, P. and {Clements}, D.~L. and {Conley}, A. and {Conversi}, L. and {Cooray}, A. and {Dowell}, C.~D. and {Dwek}, E. and {Eales}, S. and {Elbaz}, D. and {Fox}, M. and {Franceschini}, A. and {Gear}, W. and {Glenn}, J. and {Griffin}, M. and {Halpern}, M. and {Hatziminaoglou}, E. and {Ibar}, E. and {Isaak}, K. and {Ivison}, R.~J. and {Lagache}, G. and {Levenson}, L. and {Lu}, N. and {Madden}, S. and {Maffei}, B. and {Mainetti}, G. and {Marchetti}, L. and {Mitchell-Wynne}, K. and {Mortier}, A.~M.~J. and {Nguyen}, H.~T. and {O'Halloran}, B. and {Omont}, A. and {Page}, M.~J. and {Panuzzo}, P. and {Papageorgiou}, A. and {Pearson}, C.~P. and {P{\'e}rez-Fournon}, I. and {Pohlen}, M. and {Rawlings}, J.~I. and {Raymond}, G. and {Rigopoulou}, D. and {Rizzo}, D. and {Roseboom}, I.~G. and {Rowan-Robinson}, M. and {S{\'a}nchez Portal}, M. and {Savage}, R. and {Schulz}, B. and {Scott}, D. and {Seymour}, N. and {Shupe}, D.~L. and {Stevens}, J.~A. and {Symeonidis}, M. and {Trichas}, M. and {Tugwell}, K.~E. and {Vaccari}, M. and {Valiante}, E. and {Valtchanov}, I. and {Vieira}, J.~D. and {Vigroux}, L. and {Ward}, R. and {Wright}, G. and {Xu}, C.~K. and {Zemcov}, M.},
	Date-Added = {2015-10-19 11:55:30 +0000},
	Date-Modified = {2015-10-19 11:55:37 +0000},
	Doi = {10.1051/0004-6361/201014697},
	Eid = {L21},
	Eprint = {1005.2184},
	Journal = {\aap},
	Keywords = {galaxies: evolution, submillimeter: galaxies, surveys},
	Month = jul,
	Pages = {L21},
	Title = {{HerMES: SPIRE galaxy number counts at 250, 350, and 500 {$\mu$}m}},
	Volume = 518,
	Year = 2010,
	Bdsk-Url-1 = {http://dx.doi.org/10.1051/0004-6361/201014697}}

@article{Lagache:2000,
	Adsnote = {Provided by the SAO/NASA Astrophysics Data System},
	Adsurl = {http://adsabs.harvard.edu/abs/2000A%26A...355...17L},
	Author = {{Lagache}, G. and {Puget}, J.~L.},
	Date-Added = {2015-10-19 11:32:41 +0000},
	Date-Modified = {2015-10-19 11:33:01 +0000},
	Eprint = {astro-ph/9910255},
	Journal = {\aap},
	Keywords = {COSMOLOGY: DIFFUSE RADIATION, INFRARED: ISM: CONTINUUM, INFRARED: GENERAL},
	Month = mar,
	Pages = {17-22},
	Title = {{Detection of the extra-Galactic background fluctuations at 170 mu m}},
	Volume = 355,
	Year = 2000}

@article{LeFloch:2009,
	Abstract = {We present the first results obtained from the identification of ~30,000 sources in the Spitzer /24¬†{\OE}ºm observations of the COSMOS field at S 24 {\OE}ºm¬†##IMG## [http://ej.iop.org/icons/Entities/gsim.gif] {gsim}¬†80¬†{\OE}ºJy. Using accurate photometric redshifts ({\oe}{\'E} z ¬†~ 0.12 at z¬†~ 2 for 24¬†{\OE}ºm sources with i +¬†##IMG## [http://ej.iop.org/icons/Entities/lsim.gif] {lsim}¬†25¬†mag AB) and simple extrapolations of the number counts at faint fluxes, we resolve with unprecedented detail the buildup of the mid-infrared background across cosmic ages. We find that ~50% and ~80% of the 24¬†{\OE}ºm background intensity originate from galaxies at z¬†##IMG## [http://ej.iop.org/icons/Entities/lsim.gif] {lsim}¬†1 and z¬†##IMG## [http://ej.iop.org/icons/Entities/lsim.gif] {lsim}¬†2, respectively, supporting the scenario where highly obscured sources at very high redshifts ( z¬†##IMG## [http://ej.iop.org/icons/Entities/gsim.gif] {gsim}¬†2) contribute only marginally to the cosmic infrared background. Assuming flux-limited selections at optical wavelengths, we also find that the fraction of i + -band sources with 24¬†{\OE}ºm detection strongly increases up to z¬†~ 2 as a consequence of the rapid evolution that star-forming galaxies have undergone with look-back time. Nonetheless, this rising trend shows a clear break at z¬†~ 1.3, probably due to k -correction effects implied by the complexity of spectral energy distributions in the mid-infrared. Finally, we compare our results with the predictions from different models of galaxy formation. We note that semianalytical formalisms currently fail to reproduce the redshift distributions observed at 24¬†{\OE}ºm. Furthermore, the simulated galaxies at S 24 {\OE}ºm¬†>¬†80¬†{\OE}ºJy exhibit R ‚{\"A}{\`\i} K colors much bluer than observed and the predicted K -band fluxes are systematically underestimated at z¬†##IMG## [http://ej.iop.org/icons/Entities/gsim.gif] {gsim}¬†0.5. Unless these discrepancies mainly result from an incorrect treatment of extinction in the models they may reflect an underestimate of the predicted density of high-redshift massive sources with strong ongoing star formation, which would point to more fundamental processes and/or parameters (e.g., initial mass function, critical density to form stars, feedback,...) that are still not fully controlled in the simulations. The most recent backward evolution scenarios reproduce reasonably well the flux/redshift distribution of 24¬†{\OE}ºm sources up to z¬†~ 3, although none of them is able to exactly match our results at all redshifts.},
	Author = {Emeric {Le Floc'h }and Herve Aussel and Olivier Ilbert and Laurie Riguccini and David T. Frayer and Mara Salvato and Stephane Arnouts and Jason Surace and Chiara Feruglio and Giulia Rodighiero and Peter Capak and Jeyhan Kartaltepe and Sebastien Heinis and Kartik Sheth and Lin Yan and Henry Joy McCracken and David Thompson and David Sanders and Nick Scoville and Anton Koekemoer},
	Date-Added = {2015-10-19 11:01:58 +0000},
	Date-Modified = {2016-01-21 15:21:51 +0000},
	Journal = {The Astrophysical Journal},
	Number = {1},
	Pages = {222},
	Title = {Deep Spitzer 24 $\mathrm{\mu m}$ COSMOS Imaging. I. The Evolution of Luminous Dusty Galaxies‚{\"A}{\^\i}Confronting the Models},
	Url = {http://stacks.iop.org/0004-637X/703/i=1/a=222},
	Volume = {703},
	Year = {2009},
	Bdsk-Url-1 = {http://stacks.iop.org/0004-637X/703/i=1/a=222}}

@book{Bishop:2006,
	Author = {Bishop, Christopher M.},
	Bib2Html_Rescat = {General ML},
	Date-Added = {2015-10-09 09:40:56 +0000},
	Date-Modified = {2015-10-09 09:40:56 +0000},
	Isbn = {978-0387-31073-2},
	Publisher = {Springer},
	Title = {Pattern Recognition and Machine Learning},
	Url = {http://research.microsoft.com/en-us/um/people/cmbishop/prml/},
	Year = {2006},
	Bdsk-Url-1 = {http://research.microsoft.com/en-us/um/people/cmbishop/prml/}}

@unpublished{Oliver:2016,
	Author = {{Oliver}, S},
	Date-Added = {2015-10-07 15:25:52 +0000},
	Date-Modified = {2015-10-07 15:27:43 +0000},
	Title = {Herschel Extragalactic Legacy Project},
	Year = {in prep.}}

@article{SCUBA,
	Adsnote = {Provided by the SAO/NASA Astrophysics Data System},
	Adsurl = {http://adsabs.harvard.edu/abs/1999MNRAS.303..659H},
	Author = {{Holland}, W.~S. and {Robson}, E.~I. and {Gear}, W.~K. and {Cunningham}, C.~R. and {Lightfoot}, J.~F. and {Jenness}, T. and {Ivison}, R.~J. and {Stevens}, J.~A. and {Ade}, P.~A.~R. and {Griffin}, M.~J. and {Duncan}, W.~D. and {Murphy}, J.~A. and {Naylor}, D.~A.},
	Date-Added = {2015-08-18 15:03:22 +0000},
	Date-Modified = {2015-08-18 15:03:26 +0000},
	Doi = {10.1046/j.1365-8711.1999.02111.x},
	Eprint = {astro-ph/9809122},
	Journal = {\mnras},
	Keywords = {INSTRUMENTATION: DETECTORS, TELESCOPES, DUST, EXTINCTION, RADIO CONTINUUM: GALAXIES, RADIO CONTINUUM: ISM, RADIO CONTINUUM: STARS},
	Month = mar,
	Pages = {659-672},
	Title = {{SCUBA: a common-user submillimetre camera operating on the James Clerk Maxwell Telescope}},
	Volume = 303,
	Year = 1999,
	Bdsk-Url-1 = {http://dx.doi.org/10.1046/j.1365-8711.1999.02111.x}}

@article{SCUBA2,
	Adsnote = {Provided by the SAO/NASA Astrophysics Data System},
	Adsurl = {http://adsabs.harvard.edu/abs/2013MNRAS.430.2513H},
	Archiveprefix = {arXiv},
	Author = {{Holland}, W.~S. and {Bintley}, D. and {Chapin}, E.~L. and {Chrysostomou}, A. and {Davis}, G.~R. and {Dempsey}, J.~T. and {Duncan}, W.~D. and {Fich}, M. and {Friberg}, P. and {Halpern}, M. and {Irwin}, K.~D. and {Jenness}, T. and {Kelly}, B.~D. and {MacIntosh}, M.~J. and {Robson}, E.~I. and {Scott}, D. and {Ade}, P.~A.~R. and {Atad-Ettedgui}, E. and {Berry}, D.~S. and {Craig}, S.~C. and {Gao}, X. and {Gibb}, A.~G. and {Hilton}, G.~C. and {Hollister}, M.~I. and {Kycia}, J.~B. and {Lunney}, D.~W. and {McGregor}, H. and {Montgomery}, D. and {Parkes}, W. and {Tilanus}, R.~P.~J. and {Ullom}, J.~N. and {Walther}, C.~A. and {Walton}, A.~J. and {Woodcraft}, A.~L. and {Amiri}, M. and {Atkinson}, D. and {Burger}, B. and {Chuter}, T. and {Coulson}, I.~M. and {Doriese}, W.~B. and {Dunare}, C. and {Economou}, F. and {Niemack}, M.~D. and {Parsons}, H.~A.~L. and {Reintsema}, C.~D. and {Sibthorpe}, B. and {Smail}, I. and {Sudiwala}, R. and {Thomas}, H.~S.},
	Date-Added = {2015-08-18 14:57:08 +0000},
	Date-Modified = {2015-08-18 15:03:21 +0000},
	Doi = {10.1093/mnras/sts612},
	Eprint = {1301.3650},
	Journal = {\mnras},
	Keywords = {instrumentation: detectors, submillimetre: general},
	Month = apr,
	Pages = {2513-2533},
	Primaryclass = {astro-ph.IM},
	Title = {{SCUBA-2: the 10 000 pixel bolometer camera on the James Clerk Maxwell Telescope}},
	Volume = 430,
	Year = 2013,
	Bdsk-Url-1 = {http://dx.doi.org/10.1093/mnras/sts612}}

@article{terBraak:2010,
	Author = {ter Braak, C. J. and Boer, M. P. and Totir, L. R. and Winkler, C. R. and Smith, O. S. and Bink, M. C.},
	Date-Added = {2015-08-18 13:11:57 +0000},
	Date-Modified = {2015-08-18 13:12:13 +0000},
	Journal = {Genetics},
	Month = {Jul},
	Number = {3},
	Pages = {1045--1057},
	Title = {{{I}dentity-by-descent matrix decomposition using latent ancestral allele models}},
	Volume = {185},
	Year = {2010}}

@article{Zou:2006,
	Author = {Hui Zou},
	Date-Added = {2015-08-18 13:07:40 +0000},
	Date-Modified = {2015-08-18 13:07:49 +0000},
	Doi = {10.1198/016214506000000735},
	Eprint = {http://dx.doi.org/10.1198/016214506000000735},
	Journal = {Journal of the American Statistical Association},
	Number = {476},
	Pages = {1418-1429},
	Title = {The Adaptive Lasso and Its Oracle Properties},
	Url = {http://dx.doi.org/10.1198/016214506000000735},
	Volume = {101},
	Year = {2006},
	Bdsk-Url-1 = {http://dx.doi.org/10.1198/016214506000000735}}

@article{Tibshirani:1996,
	Added-At = {2009-04-04T18:01:35.000+0200},
	Author = {Tibshirani, R.},
	Biburl = {http://www.bibsonomy.org/bibtex/290e648276aa6cd3c601e7c0a54366233/dieudonnew},
	Date-Added = {2015-08-18 13:05:17 +0000},
	Date-Modified = {2015-08-18 13:07:39 +0000},
	Interhash = {334927808d42a9a6bf8eae717fed41b3},
	Intrahash = {90e648276aa6cd3c601e7c0a54366233},
	Journal = {Journal of the Royal Statistical Society (Series B)},
	Keywords = {imported},
	Pages = {267-288},
	Timestamp = {2009-04-04T18:01:35.000+0200},
	Title = {Regression Shrinkage and Selection via the Lasso},
	Volume = 58,
	Year = 1996}

@article{Poglitsch:2010,
	Adsnote = {Provided by the SAO/NASA Astrophysics Data System},
	Adsurl = {http://adsabs.harvard.edu/abs/2010A%26A...518L...2P},
	Archiveprefix = {arXiv},
	Author = {{Poglitsch}, A. and {Waelkens}, C. and {Geis}, N. and {Feuchtgruber}, H. and {Vandenbussche}, B. and {Rodriguez}, L. and {Krause}, O. and {Renotte}, E. and {van Hoof}, C. and {Saraceno}, P. and {Cepa}, J. and {Kerschbaum}, F. and {Agn{\`e}se}, P. and {Ali}, B. and {Altieri}, B. and {Andreani}, P. and {Augueres}, J.-L. and {Balog}, Z. and {Barl}, L. and {Bauer}, O.~H. and {Belbachir}, N. and {Benedettini}, M. and {Billot}, N. and {Boulade}, O. and {Bischof}, H. and {Blommaert}, J. and {Callut}, E. and {Cara}, C. and {Cerulli}, R. and {Cesarsky}, D. and {Contursi}, A. and {Creten}, Y. and {De Meester}, W. and {Doublier}, V. and {Doumayrou}, E. and {Duband}, L. and {Exter}, K. and {Genzel}, R. and {Gillis}, J.-M. and {Gr{\"o}zinger}, U. and {Henning}, T. and {Herreros}, J. and {Huygen}, R. and {Inguscio}, M. and {Jakob}, G. and {Jamar}, C. and {Jean}, C. and {de Jong}, J. and {Katterloher}, R. and {Kiss}, C. and {Klaas}, U. and {Lemke}, D. and {Lutz}, D. and {Madden}, S. and {Marquet}, B. and {Martignac}, J. and {Mazy}, A. and {Merken}, P. and {Montfort}, F. and {Morbidelli}, L. and {M{\"u}ller}, T. and {Nielbock}, M. and {Okumura}, K. and {Orfei}, R. and {Ottensamer}, R. and {Pezzuto}, S. and {Popesso}, P. and {Putzeys}, J. and {Regibo}, S. and {Reveret}, V. and {Royer}, P. and {Sauvage}, M. and {Schreiber}, J. and {Stegmaier}, J. and {Schmitt}, D. and {Schubert}, J. and {Sturm}, E. and {Thiel}, M. and {Tofani}, G. and {Vavrek}, R. and {Wetzstein}, M. and {Wieprecht}, E. and {Wiezorrek}, E.},
	Date-Added = {2015-08-14 14:51:18 +0000},
	Date-Modified = {2015-08-14 14:51:35 +0000},
	Doi = {10.1051/0004-6361/201014535},
	Eid = {L2},
	Eprint = {1005.1487},
	Journal = {\aap},
	Keywords = {space vehicles: instruments, instrumentation: photometers, instrumentation: spectrographs},
	Month = jul,
	Pages = {L2},
	Primaryclass = {astro-ph.IM},
	Title = {{The Photodetector Array Camera and Spectrometer (PACS) on the Herschel Space Observatory}},
	Volume = 518,
	Year = 2010,
	Bdsk-Url-1 = {http://dx.doi.org/10.1051/0004-6361/201014535}}

@article{Griffin:2010,
	Adsnote = {Provided by the SAO/NASA Astrophysics Data System},
	Adsurl = {http://adsabs.harvard.edu/abs/2010A%26A...518L...3G},
	Archiveprefix = {arXiv},
	Author = {{Griffin}, M.~J. and {Abergel}, A. and {Abreu}, A. and {Ade}, P.~A.~R. and {Andr{\'e}}, P. and {Augueres}, J.-L. and {Babbedge}, T. and {Bae}, Y. and {Baillie}, T. and {Baluteau}, J.-P. and {Barlow}, M.~J. and {Bendo}, G. and {Benielli}, D. and {Bock}, J.~J. and {Bonhomme}, P. and {Brisbin}, D. and {Brockley-Blatt}, C. and {Caldwell}, M. and {Cara}, C. and {Castro-Rodriguez}, N. and {Cerulli}, R. and {Chanial}, P. and {Chen}, S. and {Clark}, E. and {Clements}, D.~L. and {Clerc}, L. and {Coker}, J. and {Communal}, D. and {Conversi}, L. and {Cox}, P. and {Crumb}, D. and {Cunningham}, C. and {Daly}, F. and {Davis}, G.~R. and {de Antoni}, P. and {Delderfield}, J. and {Devin}, N. and {di Giorgio}, A. and {Didschuns}, I. and {Dohlen}, K. and {Donati}, M. and {Dowell}, A. and {Dowell}, C.~D. and {Duband}, L. and {Dumaye}, L. and {Emery}, R.~J. and {Ferlet}, M. and {Ferrand}, D. and {Fontignie}, J. and {Fox}, M. and {Franceschini}, A. and {Frerking}, M. and {Fulton}, T. and {Garcia}, J. and {Gastaud}, R. and {Gear}, W.~K. and {Glenn}, J. and {Goizel}, A. and {Griffin}, D.~K. and {Grundy}, T. and {Guest}, S. and {Guillemet}, L. and {Hargrave}, P.~C. and {Harwit}, M. and {Hastings}, P. and {Hatziminaoglou}, E. and {Herman}, M. and {Hinde}, B. and {Hristov}, V. and {Huang}, M. and {Imhof}, P. and {Isaak}, K.~J. and {Israelsson}, U. and {Ivison}, R.~J. and {Jennings}, D. and {Kiernan}, B. and {King}, K.~J. and {Lange}, A.~E. and {Latter}, W. and {Laurent}, G. and {Laurent}, P. and {Leeks}, S.~J. and {Lellouch}, E. and {Levenson}, L. and {Li}, B. and {Li}, J. and {Lilienthal}, J. and {Lim}, T. and {Liu}, S.~J. and {Lu}, N. and {Madden}, S. and {Mainetti}, G. and {Marliani}, P. and {McKay}, D. and {Mercier}, K. and {Molinari}, S. and {Morris}, H. and {Moseley}, H. and {Mulder}, J. and {Mur}, M. and {Naylor}, D.~A. and {Nguyen}, H. and {O'Halloran}, B. and {Oliver}, S. and {Olofsson}, G. and {Olofsson}, H.-G. and {Orfei}, R. and {Page}, M.~J. and {Pain}, I. and {Panuzzo}, P. and {Papageorgiou}, A. and {Parks}, G. and {Parr-Burman}, P. and {Pearce}, A. and {Pearson}, C. and {P{\'e}rez-Fournon}, I. and {Pinsard}, F. and {Pisano}, G. and {Podosek}, J. and {Pohlen}, M. and {Polehampton}, E.~T. and {Pouliquen}, D. and {Rigopoulou}, D. and {Rizzo}, D. and {Roseboom}, I.~G. and {Roussel}, H. and {Rowan-Robinson}, M. and {Rownd}, B. and {Saraceno}, P. and {Sauvage}, M. and {Savage}, R. and {Savini}, G. and {Sawyer}, E. and {Scharmberg}, C. and {Schmitt}, D. and {Schneider}, N. and {Schulz}, B. and {Schwartz}, A. and {Shafer}, R. and {Shupe}, D.~L. and {Sibthorpe}, B. and {Sidher}, S. and {Smith}, A. and {Smith}, A.~J. and {Smith}, D. and {Spencer}, L. and {Stobie}, B. and {Sudiwala}, R. and {Sukhatme}, K. and {Surace}, C. and {Stevens}, J.~A. and {Swinyard}, B.~M. and {Trichas}, M. and {Tourette}, T. and {Triou}, H. and {Tseng}, S. and {Tucker}, C. and {Turner}, A. and {Vaccari}, M. and {Valtchanov}, I. and {Vigroux}, L. and {Virique}, E. and {Voellmer}, G. and {Walker}, H. and {Ward}, R. and {Waskett}, T. and {Weilert}, M. and {Wesson}, R. and {White}, G.~J. and {Whitehouse}, N. and {Wilson}, C.~D. and {Winter}, B. and {Woodcraft}, A.~L. and {Wright}, G.~S. and {Xu}, C.~K. and {Zavagno}, A. and {Zemcov}, M. and {Zhang}, L. and {Zonca}, E.},
	Date-Added = {2015-08-14 14:49:38 +0000},
	Date-Modified = {2015-08-14 14:51:18 +0000},
	Doi = {10.1051/0004-6361/201014519},
	Eid = {L3},
	Eprint = {1005.5123},
	Journal = {\aap},
	Keywords = {instrumentation: photometers, instrumentation: spectrographs, space vehicles: instruments, submillimeter: general},
	Month = jul,
	Pages = {L3},
	Primaryclass = {astro-ph.IM},
	Title = {{The Herschel-SPIRE instrument and its in-flight performance}},
	Volume = 518,
	Year = 2010,
	Bdsk-Url-1 = {http://dx.doi.org/10.1051/0004-6361/201014519}}

@article{Safarzadeh:2015,
	Adsnote = {Provided by the SAO/NASA Astrophysics Data System},
	Adsurl = {http://adsabs.harvard.edu/abs/2015ApJ...798...91S},
	Archiveprefix = {arXiv},
	Author = {{Safarzadeh}, M. and {Ferguson}, H.~C. and {Lu}, Y. and {Inami}, H. and {Somerville}, R.~S.},
	Date-Added = {2015-08-14 14:05:07 +0000},
	Date-Modified = {2015-08-14 14:12:25 +0000},
	Doi = {10.1088/0004-637X/798/2/91},
	Eid = {91},
	Eprint = {1408.2227},
	Journal = {\apj},
	Keywords = {dust, extinction, infrared: galaxies, techniques: image processing},
	Month = jan,
	Pages = {91},
	Title = {{A Novel Technique to Improve Photometry in Confused Images Using Graphs and Bayesian Priors}},
	Volume = 798,
	Year = 2015,
	Bdsk-Url-1 = {http://dx.doi.org/10.1088/0004-637X/798/2/91}}

@misc{triangle,
	Author = {Dan Foreman-Mackey and Adrian Price-Whelan and Geoffrey Ryan and Emily and Michael Smith and Kyle Barbary and David W. Hogg and Brendon J. Brewer},
	Date-Added = {2015-08-14 12:43:07 +0000},
	Date-Modified = {2015-08-14 12:43:15 +0000},
	Doi = {10.5281/zenodo.11020},
	Month = jul,
	Title = {triangle.py v0.1.1},
	Url = {http://dx.doi.org/10.5281/zenodo.11020},
	Year = 2014,
	Bdsk-Url-1 = {http://dx.doi.org/10.5281/zenodo.11020}}

@article{Hoffman:2013,
	Author = {Matthew D. Hoffman and Andrew Gelman},
	Date-Added = {2015-08-14 12:34:02 +0000},
	Date-Modified = {2015-08-14 12:35:15 +0000},
	Journal = {Journal of Machine Learning Research},
	Number = {Apr},
	Pages = {1593--1623},
	Title = {The No-{U}-Turn Sampler: Adaptively Setting Path Lengths in {H}amiltonian {M}onte {C}arlo},
	Volume = {15},
	Year = {2014}}

@article{Silva:1998,
	Adsnote = {Provided by the SAO/NASA Astrophysics Data System},
	Adsurl = {http://adsabs.harvard.edu/abs/1998ApJ...509..103S},
	Author = {{Silva}, L. and {Granato}, G.~L. and {Bressan}, A. and {Danese}, L.},
	Date-Added = {2015-08-14 12:31:55 +0000},
	Date-Modified = {2015-08-14 12:39:04 +0000},
	Doi = {10.1086/306476},
	Journal = {\apj},
	Keywords = {ISM: DUST, EXTINCTION, GALAXIES: ISM, GALAXIES: SPIRAL, GALAXIES: STARBURST, INFRARED: GALAXIES, RADIATIVE TRANSFER, ISM: Dust, Extinction, Galaxies: ISM, Galaxies: Spiral, Galaxies: Starburst, Infrared: Galaxies, Radiative Transfer},
	Month = dec,
	Pages = {103-117},
	Title = {{Modeling the Effects of Dust on Galactic Spectral Energy Distributions from the Ultraviolet to the Millimeter Band}},
	Volume = 509,
	Year = 1998,
	Bdsk-Url-1 = {http://dx.doi.org/10.1086/306476}}

@article{Cowley:2014,
	Adsnote = {Provided by the SAO/NASA Astrophysics Data System},
	Adsurl = {http://adsabs.harvard.edu/abs/2015MNRAS.446.1784C},
	Archiveprefix = {arXiv},
	Author = {{Cowley}, W.~I. and {Lacey}, C.~G. and {Baugh}, C.~M. and {Cole}, S.},
	Date-Added = {2015-08-14 12:22:49 +0000},
	Date-Modified = {2015-08-14 12:23:08 +0000},
	Doi = {10.1093/mnras/stu2179},
	Eprint = {1406.0855},
	Journal = {\mnras},
	Keywords = {galaxies: evolution, galaxies: formation, galaxies: high-redshift, galaxies: starburst, submillimetre: diffuse background, sub-millimetre: galaxies},
	Month = jan,
	Pages = {1784-1798},
	Title = {{Simulated observations of sub-millimetre galaxies: the impact of single-dish resolution and field variance}},
	Volume = 446,
	Year = 2015,
	Bdsk-Url-1 = {http://dx.doi.org/10.1093/mnras/stu2179}}

@article{Wright:2010,
	Adsnote = {Provided by the SAO/NASA Astrophysics Data System},
	Adsurl = {http://adsabs.harvard.edu/abs/2010AJ....140.1868W},
	Archiveprefix = {arXiv},
	Author = {{Wright}, E.~L. and {Eisenhardt}, P.~R.~M. and {Mainzer}, A.~K. and {Ressler}, M.~E. and {Cutri}, R.~M. and {Jarrett}, T. and {Kirkpatrick}, J.~D. and {Padgett}, D. and {McMillan}, R.~S. and {Skrutskie}, M. and {Stanford}, S.~A. and {Cohen}, M. and {Walker}, R.~G. and {Mather}, J.~C. and {Leisawitz}, D. and {Gautier}, III, T.~N. and {McLean}, I. and {Benford}, D. and {Lonsdale}, C.~J. and {Blain}, A. and {Mendez}, B. and {Irace}, W.~R. and {Duval}, V. and {Liu}, F. and {Royer}, D. and {Heinrichsen}, I. and {Howard}, J. and {Shannon}, M. and {Kendall}, M. and {Walsh}, A.~L. and {Larsen}, M. and {Cardon}, J.~G. and {Schick}, S. and {Schwalm}, M. and {Abid}, M. and {Fabinsky}, B. and {Naes}, L. and {Tsai}, C.-W.},
	Date-Added = {2015-08-14 12:21:20 +0000},
	Date-Modified = {2015-08-14 12:21:20 +0000},
	Doi = {10.1088/0004-6256/140/6/1868},
	Eid = {1868},
	Eprint = {1008.0031},
	Journal = {\aj},
	Keywords = {infrared: general, space vehicles, surveys},
	Month = dec,
	Pages = {1868-1881},
	Primaryclass = {astro-ph.IM},
	Title = {{The Wide-field Infrared Survey Explorer (WISE): Mission Description and Initial On-orbit Performance}},
	Volume = 140,
	Year = 2010,
	Bdsk-Url-1 = {http://dx.doi.org/10.1088/0004-6256/140/6/1868}}

@article{Soifer:1984,
	Abstract = {A total of 86 galaxies have been detected at 60 microns in the high galactic latitude portion of the IRAS minisurvey. The surface density of detected galaxies with flux densities greater than 0.5 Jy is 0.25 sq deg. Virtually all the galaxies detected are spiral galaxies and have an infrared to blue luminosity ratio ranging from 50 to 0.5. For the infrared-selected sample, no obvious correlation exists between infrared excess and color temperature. The infrared flux from 10 to 100 microns contributes approximately 5 percent of the blue luminosity for galaxies in the magnitude range 14 less than m(pg) less than 18 mag. The fraction of interacting galaxies is between one-eighth and one-fourth of the sample.},
	Affiliation = {AA(California Institute of Technology, Pasadena, CA), AB(California Institute of Technology, Pasadena, CA), AC(Queen Mary College, London, England), AD(Queen Mary College, London, England), AE(Queen Mary College, London, England), AF(Cornell University, Ithaca, NY), AG(Amsterdam, Universiteit, Amsterdam, Netherlands), AH(California Institute of Technology, Jet Propulsion Laboratory, Pasadena, CA), AI(California Institute of Technology, Jet Propulsion Laboratory, Pasadena, CA), AJ(NASA, Washington, DC)},
	Author = {B. T Soifer and M Rowan-Robinson and J. R Houck and T de Jong and G Neugebauer and H. H Aumann and C. A Beichman and N Boggess and P. E Clegg and J. P Emerson and F. C Gillett and H. J Habing and M. G Hauser and F. J Low and G Miley and E Young},
	Date-Added = {2015-08-14 12:19:03 +0000},
	Date-Modified = {2015-08-14 12:19:03 +0000},
	Doi = {10.1086/184226},
	Journal = {Astrophysical Journal},
	Keywords = {SPACEBORNE ASTRONOMY, INFRARED ASTRONOMY SATELLITE, RADIANT FLUX DENSITY, ASTRONOMICAL PHOTOMETRY, INTERACTING GALAXIES, LUMINOSITY, SPIRAL GALAXIES},
	Local-Url = {file://localhost/Users/pdh21/Documents/Papers/1984/Soifer/Astrophysical%20Journal%201984%20Soifer.pdf},
	Month = {Mar},
	Pages = {L71},
	Pmid = {1984ApJ...278L..71S},
	Rating = {0},
	Title = {Infrared galaxies in the IRAS minisurvey},
	Uri = {papers://12942163-C65D-4B67-9BD6-8DA3E4B6572F/Paper/p1947},
	Url = {http://adsabs.harvard.edu/cgi-bin/nph-data_query?bibcode=1984ApJ...278L..71S&link_type=ABSTRACT},
	Volume = {278},
	Year = {1984},
	Bdsk-File-1 = {YnBsaXN0MDDUAQIDBAUGJCVYJHZlcnNpb25YJG9iamVjdHNZJGFyY2hpdmVyVCR0b3ASAAGGoKgHCBMUFRYaIVUkbnVsbNMJCgsMDxJXTlMua2V5c1pOUy5vYmplY3RzViRjbGFzc6INDoACgAOiEBGABIAFgAdccmVsYXRpdmVQYXRoWWFsaWFzRGF0YV8QSC4uLy4uL0RvY3VtZW50cy9QYXBlcnMvMTk4NC9Tb2lmZXIvQXN0cm9waHlzaWNhbCBKb3VybmFsIDE5ODQgU29pZmVyLnBkZtIXCxgZV05TLmRhdGFPEQH+AAAAAAH+AAIAAAxNYWNpbnRvc2ggSEQAAAAAAAAAAAAAAAAAAADILt1lSCsAAAAXXKYfQXN0cm9waHlzaWNhbCBKb3VybmEjMTc1Q0E3LnBkZgAAAAAAAAAAAAAAAAAAAAAAAAAAAAAAAAAAAAAAAAAAABdcp8hTyiMAAAAAAAAAAAACAAUAAAkgAAAAAAAAAAAAAAAAAAAABlNvaWZlcgAQAAgAAMguz1UAAAARAAgAAMhTvBMAAAABABgAF1ymABcScgAPro8ABbJhAAWyVAAAkfkAAgBVTWFjaW50b3NoIEhEOlVzZXJzOnBkaDIxOkRvY3VtZW50czpQYXBlcnM6MTk4NDpTb2lmZXI6QXN0cm9waHlzaWNhbCBKb3VybmEjMTc1Q0E3LnBkZgAADgBMACUAQQBzAHQAcgBvAHAAaAB5AHMAaQBjAGEAbAAgAEoAbwB1AHIAbgBhAGwAIAAxADkAOAA0ACAAUwBvAGkAZgBlAHIALgBwAGQAZgAPABoADABNAGEAYwBpAG4AdABvAHMAaAAgAEgARAASAE5Vc2Vycy9wZGgyMS9Eb2N1bWVudHMvUGFwZXJzLzE5ODQvU29pZmVyL0FzdHJvcGh5c2ljYWwgSm91cm5hbCAxOTg0IFNvaWZlci5wZGYAEwABLwAAFQACAAz//wAAgAbSGxwdHlokY2xhc3NuYW1lWCRjbGFzc2VzXU5TTXV0YWJsZURhdGGjHR8gVk5TRGF0YVhOU09iamVjdNIbHCIjXE5TRGljdGlvbmFyeaIiIF8QD05TS2V5ZWRBcmNoaXZlctEmJ1Ryb290gAEACAARABoAIwAtADIANwBAAEYATQBVAGAAZwBqAGwAbgBxAHMAdQB3AIQAjgDZAN4A5gLoAuoC7wL6AwMDEQMVAxwDJQMqAzcDOgNMA08DVAAAAAAAAAIBAAAAAAAAACgAAAAAAAAAAAAAAAAAAANW},
	Bdsk-Url-1 = {http://adsabs.harvard.edu/cgi-bin/nph-data_query?bibcode=1984ApJ...278L..71S&link_type=ABSTRACT},
	Bdsk-Url-2 = {http://dx.doi.org/10.1086/184226}}

@article{Puget:1996,
	Adsnote = {Provided by the SAO/NASA Astrophysics Data System},
	Adsurl = {http://adsabs.harvard.edu/abs/1996A%26A...308L...5P},
	Author = {{Puget}, J.-L. and {Abergel}, A. and {Bernard}, J.-P. and {Boulanger}, F. and {Burton}, W.~B. and {Desert}, F.-X. and {Hartmann}, D.},
	Date-Added = {2015-08-14 12:14:58 +0000},
	Date-Modified = {2015-08-14 12:19:03 +0000},
	Journal = {\aap},
	Keywords = {COSMOLOGY: OBSERVATIONS, DIFFUSE RADIATION, GALAXY: FORMATION},
	Month = apr,
	Pages = {L5},
	Title = {{Tentative detection of a cosmic far-infrared background with COBE.}},
	Volume = 308,
	Year = 1996}

@article{Wang:2014,
	Abstract = {The Herschel Multi-tiered Extragalactic Survey (HerMES) is the largest Guaranteed Time Key Programme on the Herschel Space Observatory. With a wedding cake survey strategy, it consists of nested fields with varying depth and area totalling ∼380 deg2. In this paper, we present deep point source catalogues extracted from Herschel-Spectral and Photometric Imaging Receiver (SPIRE) observations of all HerMES fields, except for the later addition of the 270 deg2 HerMES Large-Mode Survey (HeLMS) field. These catalogues constitute the second Data Release (DR2) made in 2013 October. A sub-set of these catalogues, which consists of bright sources extracted from Herschel-SPIRE observations completed by 2010 May 1 (covering ∼74 deg2) were released earlier in the first extensive data release in 2012 March. Two different methods are used to generate the point source catalogues, the sussextractor point source extractor used in two earlier data releases (EDR and EDR2) and a new source detection and photometry method. The latter combines an iterative source detection algorithm, starfinder, and a De-blended SPIRE Photometry algorithm. We use end-to-end Herschel-SPIRE simulations with realistic number counts and clustering properties to characterize basic properties of the point source catalogues, such as the completeness, reliability, photometric and positional accuracy. Over 500 000 catalogue entries in HerMES fields (except HeLMS) are released to the public through the HeDAM (Herschel Database in Marseille) website (http://hedam.lam.fr/HerMES).},
	Author = {Wang, L. and Viero, M. and Clarke, C. and Bock, J. and Buat, V. and Conley, A. and Farrah, D. and Guo, K. and Heinis, S. and Magdis, G. and Marchetti, L. and Marsden, G. and Norberg, P. and Oliver, S. J. and Page, M. J. and Roehlly, Y. and Roseboom, I. G. and Schulz, B. and Smith, A. J. and Vaccari, M. and Zemcov, M.},
	Date-Added = {2015-08-13 16:27:33 +0000},
	Date-Modified = {2015-08-13 16:27:42 +0000},
	Doi = {10.1093/mnras/stu1569},
	Eprint = {http://mnras.oxfordjournals.org/content/444/3/2870.full.pdf+html},
	Journal = {Monthly Notices of the Royal Astronomical Society},
	Number = {3},
	Pages = {2870-2883},
	Title = {HerMES: point source catalogues from Herschel-SPIRE observations II},
	Url = {http://mnras.oxfordjournals.org/content/444/3/2870.abstract},
	Volume = {444},
	Year = {2014},
	Bdsk-Url-1 = {http://mnras.oxfordjournals.org/content/444/3/2870.abstract},
	Bdsk-Url-2 = {http://dx.doi.org/10.1093/mnras/stu1569}}

@misc{stan-software:2015,
	Author = {{Stan Development Team}},
	Date-Added = {2015-08-13 16:25:49 +0000},
	Date-Modified = {2015-10-07 15:30:20 +0000},
	Title = {Stan: A C++ Library for Probability and Sampling, Version 2.7.0},
	Url = {http://mc-stan.org/},
	Year = {2015},
	Bdsk-Url-1 = {http://mc-stan.org/}}

@misc{pystan-software:2015,
	Author = {{Stan Development Team}},
	Date-Added = {2015-08-13 16:24:58 +0000},
	Date-Modified = {2015-10-07 15:30:11 +0000},
	Title = {PyStan: the Python interface to Stan, Version 2.7.0},
	Url = {http://mc-stan.org/pystan.html},
	Year = {2015},
	Bdsk-Url-1 = {http://mc-stan.org/pystan.html}}

@book{BDA3,
	Author = {Gelman, A. and Carlin, J.B. and Stern, H.S. and Dunson, D.B. and Vehtari, A. and Rubin, D.B.},
	Date-Added = {2015-08-13 16:19:48 +0000},
	Date-Modified = {2015-08-13 16:20:03 +0000},
	Isbn = {9781439840955},
	Lccn = {2013039507},
	Publisher = {Taylor \& Francis},
	Series = {Chapman \& Hall/CRC Texts in Statistical Science},
	Title = {Bayesian Data Analysis, Third Edition},
	Url = {https://books.google.co.uk/books?id=ZXL6AQAAQBAJ},
	Year = {2013},
	Bdsk-Url-1 = {https://books.google.co.uk/books?id=ZXL6AQAAQBAJ}}

@article{Kessler:1996,
	Abstract = {ESA's Infrared Space Observatory (ISO) is an astronomical satellite, operating at wavelengths from 2.5-240 μm. Essentially, ISO consists of a large cryostat which contained at launch about 2300 litres of superfluid helium to maintain the Ritchey-Chretien telescope, the scientific instruments and the optical baffles at temperatures of 2-8 K. The telescope has a 60-cm diameter primary mirror. A three-axis-stabilisation system provides a pointing accuracy of a few arc seconds. ISO's instrument complement, built by international consortia of scientific institutes and industries, consists of an imaging photo-polarimeter (ISOPHOT), a camera (ISOCAM), a short wavelength spectrometer (SWS) and a long wavelength spectrometer (LWS). ISO was placed into a highly-elliptical orbit in November 1995 by an Ariane 4 launcher. All systems are performing very well and ISO is expected to have an in-orbit lifetime of around 24 months. In keeping with its r{\^o}le as an observatory, the majority of ISO's observing time is being made available to the astronomical community in ESA member states, Japan and the USA via "calls for observing proposals".},
	Author = {M. F Kessler and J. A Steinz and M. E Anderegg and J Clavel and G Drechsel and P Estaria and J Faelker and J. R Riedinger and A Robson and B. G Taylor and S Xim{\'e}nez de Ferr{\'a}n},
	Date-Added = {2015-08-13 16:16:08 +0000},
	Date-Modified = {2015-08-13 16:16:08 +0000},
	Journal = {Astron. Astrophys.},
	Keywords = {artificial satellites, space probes -- instrumentation: miscellaneous -- infrared: general, Space Research: Infrared Astronomy, Space Probes: Space Instrumentation},
	Local-Url = {file://localhost/Users/pdh21/Documents/Papers/1996/Kessler/Astron.%20Astrophys.%201996%20Kessler.pdf},
	Month = {Nov},
	Pages = {L27},
	Pmid = {1996A&A...315L..27K},
	Rating = {0},
	Read = {Yes},
	Title = {The Infrared Space Observatory (ISO) mission.},
	Uri = {papers://12942163-C65D-4B67-9BD6-8DA3E4B6572F/Paper/p2214},
	Url = {http://adsabs.harvard.edu/cgi-bin/nph-data_query?bibcode=1996A%2526A...315L..27K&link_type=ABSTRACT},
	Volume = {315},
	Year = {1996},
	Bdsk-File-1 = {YnBsaXN0MDDUAQIDBAUGJCVYJHZlcnNpb25YJG9iamVjdHNZJGFyY2hpdmVyVCR0b3ASAAGGoKgHCBMUFRYaIVUkbnVsbNMJCgsMDxJXTlMua2V5c1pOUy5vYmplY3RzViRjbGFzc6INDoACgAOiEBGABIAFgAdccmVsYXRpdmVQYXRoWWFsaWFzRGF0YV8QRy4uLy4uL0RvY3VtZW50cy9QYXBlcnMvMTk5Ni9LZXNzbGVyL0FzdHJvbi4gQXN0cm9waHlzLiAxOTk2IEtlc3NsZXIucGRm0hcLGBlXTlMuZGF0YU8RAfwAAAAAAfwAAgAADE1hY2ludG9zaCBIRAAAAAAAAAAAAAAAAAAAAMgu3WVIKwAAABdw4R9Bc3Ryb24uIEFzdHJvcGh5cy4gMSMxNzcwRTIucGRmAAAAAAAAAAAAAAAAAAAAAAAAAAAAAAAAAAAAAAAAAAAAF3DiyFd9tQAAAAAAAAAAAAIABQAACSAAAAAAAAAAAAAAAAAAAAAHS2Vzc2xlcgAAEAAIAADILs9VAAAAEQAIAADIV2+lAAAAAQAYABdw4QAXcOAAD66PAAWyYQAFslQAAJH5AAIAVk1hY2ludG9zaCBIRDpVc2VyczpwZGgyMTpEb2N1bWVudHM6UGFwZXJzOjE5OTY6S2Vzc2xlcjpBc3Ryb24uIEFzdHJvcGh5cy4gMSMxNzcwRTIucGRmAA4ASAAjAEEAcwB0AHIAbwBuAC4AIABBAHMAdAByAG8AcABoAHkAcwAuACAAMQA5ADkANgAgAEsAZQBzAHMAbABlAHIALgBwAGQAZgAPABoADABNAGEAYwBpAG4AdABvAHMAaAAgAEgARAASAE1Vc2Vycy9wZGgyMS9Eb2N1bWVudHMvUGFwZXJzLzE5OTYvS2Vzc2xlci9Bc3Ryb24uIEFzdHJvcGh5cy4gMTk5NiBLZXNzbGVyLnBkZgAAEwABLwAAFQACAAz//wAAgAbSGxwdHlokY2xhc3NuYW1lWCRjbGFzc2VzXU5TTXV0YWJsZURhdGGjHR8gVk5TRGF0YVhOU09iamVjdNIbHCIjXE5TRGljdGlvbmFyeaIiIF8QD05TS2V5ZWRBcmNoaXZlctEmJ1Ryb290gAEACAARABoAIwAtADIANwBAAEYATQBVAGAAZwBqAGwAbgBxAHMAdQB3AIQAjgDYAN0A5QLlAucC7AL3AwADDgMSAxkDIgMnAzQDNwNJA0wDUQAAAAAAAAIBAAAAAAAAACgAAAAAAAAAAAAAAAAAAANT},
	Bdsk-Url-1 = {http://adsabs.harvard.edu/cgi-bin/nph-data_query?bibcode=1996A%2526A...315L..27K&link_type=ABSTRACT}}

@article{Murakami:2007,
	Adsnote = {Provided by the SAO/NASA Astrophysics Data System},
	Adsurl = {http://cdsads.u-strasbg.fr/abs/2007PASJ...59S.369M},
	Archiveprefix = {arXiv},
	Author = {{Murakami}, H. and {Baba}, H. and {Barthel}, P. and {Clements}, D.~L. and {Cohen}, M. and {Doi}, Y. and {Enya}, K. and {Figueredo}, E. and {Fujishiro}, N. and {Fujiwara}, H. and {Fujiwara}, M. and {Garcia-Lario}, P. and {Goto}, T. and {Hasegawa}, S. and {Hibi}, Y. and {Hirao}, T. and {Hiromoto}, N. and {Hong}, S.~S. and {Imai}, K. and {Ishigaki}, M. and {Ishiguro}, M. and {Ishihara}, D. and {Ita}, Y. and {Jeong}, W.-S. and {Jeong}, K.~S. and {Kaneda}, H. and {Kataza}, H. and {Kawada}, M. and {Kawai}, T. and {Kawamura}, A. and {Kessler}, M.~F. and {Kester}, D. and {Kii}, T. and {Kim}, D.~C. and {Kim}, W. and {Kobayashi}, H. and {Koo}, B.~C. and {Kwon}, S.~M. and {Lee}, H.~M. and {Lorente}, R. and {Makiuti}, S. and {Matsuhara}, H. and {Matsumoto}, T. and {Matsuo}, H. and {Matsuura}, S. and {M{\"u}ller}, T.~G. and {Murakami}, N. and {Nagata}, H. and {Nakagawa}, T. and {Naoi}, T. and {Narita}, M. and {Noda}, M. and {Oh}, S.~H. and {Ohnishi}, A. and {Ohyama}, Y. and {Okada}, Y. and {Okuda}, H. and {Oliver}, S. and {Onaka}, T. and {Ootsubo}, T. and {Oyabu}, S. and {Pak}, S. and {Park}, Y.-S. and {Pearson}, C.~P. and {Rowan-Robinson}, M. and {Saito}, T. and {Sakon}, I. and {Salama}, A. and {Sato}, S. and {Savage}, R.~S. and {Serjeant}, S. and {Shibai}, H. and {Shirahata}, M. and {Sohn}, J. and {Suzuki}, T. and {Takagi}, T. and {Takahashi}, H. and {Tanab{\'e}}, T. and {Takeuchi}, T.~T. and {Takita}, S. and {Thomson}, M. and {Uemizu}, K. and {Ueno}, M. and {Usui}, F. and {Verdugo}, E. and {Wada}, T. and {Wang}, L. and {Watabe}, T. and {Watarai}, H. and {White}, G.~J. and {Yamamura}, I. and {Yamauchi}, C. and {Yasuda}, A.},
	Date-Added = {2015-08-13 16:15:35 +0000},
	Date-Modified = {2015-08-13 16:15:35 +0000},
	Eprint = {0708.1796},
	Journal = {\pasj},
	Month = oct,
	Pages = {369},
	Title = {{The Infrared Astronomical Mission AKARI}},
	Volume = 59,
	Year = 2007}

@article{Neugebauer:1984,
	Abstract = {The Infrared Astronomical Satellite (IRAS) consists of a spacecraft and a liquid helium cryostat that contains a cooled IR telescope. The telescope's focal plane assembly is cooled to less than 3 K, and contains 62 IR detectors in the survey array which are arranged so that every source crossing the field of view can be seen by at least two detectors in each of four wavelength bands. The satellite was launched into a 900 km-altitude near-polar orbit, and its cryogenic helium supply was exhausted on November 22, 1983. By mission's end, 72 percent of the sky had been observed with three or more hours-confirming scans, and 95 percent with two or more hours-confirming scans. About 2000 stars detected at 12 and 25 microns early in the mission, and identified in the SAO (1966) catalog, have a positional uncertainty ellipse whose axes are 45 x 9 arcsec for an hours-confirmed source.},
	Affiliation = {AA(California Institute of Technology, Pasadena, CA), AB(Leiden, Rijksuniversiteit, Sterrewacht, Leiden, Netherlands), AC(Fokker, Amsterdam, Netherlands), AD(California Institute of Technology, Jet Propulsion Laboratory, Pasadena, CA), AE(California Institute of Technology, Jet Propulsion Laboratory, Pasadena, CA), AF(Groningen, Rijksuniversiteit, Groningen, Netherlands), AG(Groningen, Rijksuniversiteit, Groningen, Netherlands), AH(NASA, Washington, DC), AI(Queen Mary College, London, England), AJ(Amsterdam...},
	Author = {G Neugebauer and H. J Habing and R van Duinen and H. H Aumann and B Baud and C. A Beichman and D. A Beintema and N Boggess and P. E Clegg and T de Jong and J. P Emerson and T. N Gautier and F. C Gillett and S Harris and M. G Hauser and J. R Houck and R. E Jennings and F. J Low and P. L Marsden and G Miley and F. M Olnon and S. R Pottasch and E Raimond and M Rowan-Robinson and B. T Soifer and R. G Walker and P. R Wesselius and E Young},
	Date-Added = {2015-08-13 16:15:35 +0000},
	Date-Modified = {2015-08-13 16:15:35 +0000},
	Doi = {10.1086/184209},
	Journal = {Astrophysical Journal},
	Keywords = {SPACEBORNE ASTRONOMY, DATA REDUCTION, INFRARED ASTRONOMY SATELLITE, CALIBRATING, SPACEBORNE TELESCOPES, SATELLITE-BORNE INSTRUMENTS, CRYOGENIC COOLING, INFRARED TELESCOPES, FOCAL PLANE DEVICES},
	Local-Url = {file://localhost/Users/pdh21/Documents/Papers/1984/Neugebauer/Astrophysical%20Journal%201984%20Neugebauer.pdf},
	Month = {Mar},
	Pages = {L1},
	Pmid = {1984ApJ...278L...1N},
	Rating = {0},
	Read = {Yes},
	Title = {The Infrared Astronomical Satellite (IRAS) mission},
	Uri = {papers://12942163-C65D-4B67-9BD6-8DA3E4B6572F/Paper/p1763},
	Url = {http://adsabs.harvard.edu/cgi-bin/nph-data_query?bibcode=1984ApJ...278L...1N&link_type=ABSTRACT},
	Volume = {278},
	Year = {1984},
	Bdsk-File-1 = {YnBsaXN0MDDUAQIDBAUGJCVYJHZlcnNpb25YJG9iamVjdHNZJGFyY2hpdmVyVCR0b3ASAAGGoKgHCBMUFRYaIVUkbnVsbNMJCgsMDxJXTlMua2V5c1pOUy5vYmplY3RzViRjbGFzc6INDoACgAOiEBGABIAFgAdccmVsYXRpdmVQYXRoWWFsaWFzRGF0YV8QUC4uLy4uL0RvY3VtZW50cy9QYXBlcnMvMTk4NC9OZXVnZWJhdWVyL0FzdHJvcGh5c2ljYWwgSm91cm5hbCAxOTg0IE5ldWdlYmF1ZXIucGRm0hcLGBlXTlMuZGF0YU8RAhYAAAAAAhYAAgAADE1hY2ludG9zaCBIRAAAAAAAAAAAAAAAAAAAAMgu3WVIKwAAABcScx9Bc3Ryb3BoeXNpY2FsIEpvdXJuYSMxNzEyNzQucGRmAAAAAAAAAAAAAAAAAAAAAAAAAAAAAAAAAAAAAAAAAAAAFxJ0yEpOywAAAAAAAAAAAAIABQAACSAAAAAAAAAAAAAAAAAAAAAKTmV1Z2ViYXVlcgAQAAgAAMguz1UAAAARAAgAAMhKQLsAAAABABgAFxJzABcScgAPro8ABbJhAAWyVAAAkfkAAgBZTWFjaW50b3NoIEhEOlVzZXJzOnBkaDIxOkRvY3VtZW50czpQYXBlcnM6MTk4NDpOZXVnZWJhdWVyOkFzdHJvcGh5c2ljYWwgSm91cm5hIzE3MTI3NC5wZGYAAA4AVAApAEEAcwB0AHIAbwBwAGgAeQBzAGkAYwBhAGwAIABKAG8AdQByAG4AYQBsACAAMQA5ADgANAAgAE4AZQB1AGcAZQBiAGEAdQBlAHIALgBwAGQAZgAPABoADABNAGEAYwBpAG4AdABvAHMAaAAgAEgARAASAFZVc2Vycy9wZGgyMS9Eb2N1bWVudHMvUGFwZXJzLzE5ODQvTmV1Z2ViYXVlci9Bc3Ryb3BoeXNpY2FsIEpvdXJuYWwgMTk4NCBOZXVnZWJhdWVyLnBkZgATAAEvAAAVAAIADP//AACABtIbHB0eWiRjbGFzc25hbWVYJGNsYXNzZXNdTlNNdXRhYmxlRGF0YaMdHyBWTlNEYXRhWE5TT2JqZWN00hscIiNcTlNEaWN0aW9uYXJ5oiIgXxAPTlNLZXllZEFyY2hpdmVy0SYnVHJvb3SAAQAIABEAGgAjAC0AMgA3AEAARgBNAFUAYABnAGoAbABuAHEAcwB1AHcAhACOAOEA5gDuAwgDCgMPAxoDIwMxAzUDPANFA0oDVwNaA2wDbwN0AAAAAAAAAgEAAAAAAAAAKAAAAAAAAAAAAAAAAAAAA3Y=},
	Bdsk-Url-1 = {http://adsabs.harvard.edu/cgi-bin/nph-data_query?bibcode=1984ApJ...278L...1N&link_type=ABSTRACT},
	Bdsk-Url-2 = {http://dx.doi.org/10.1086/184209}}

@article{Pilbratt:2010,
	Abstract = {Herschel was launched on 14 May 2009, and is now an operational ESA space observatory offering unprecedented observational capabilities in the far-infrared and submillimetre spectral range 55-671 μm. Herschel carries a 3.5 m diameter passively cooled Cassegrain telescope, which is the largest of its kind and utilises a novel silicon carbide technology. The science payload comprises three instruments: two direct detection cameras/medium resolution spectrometers, PACS and SPIRE, and a very high-resolution heterodyne spectrometer, HIFI, whose focal plane units are housed inside a superfluid helium cryostat. Herschel is an observatory facility operated in partnership among ESA, the instrument consortia, and NASA. The mission lifetime is determined by the cryostat hold time. Nominally approximately 20 000 h will be available for astronomy, 32% is guaranteed time and the remainder is open to the worldwide general astronomical community through a standard competitive proposal procedure. Herschel is an ESA space observatory with science instruments provided by European-led Principal Investigator consortia and with important participation from NASA.},
	Affiliation = {AA(ESA Research and Scientific Support Department, ESTEC/SRE-SA, Keplerlaan 1, 2201 AZ Noordwijk, The Netherlands gpilbratt@rssd.esa.int), AB(ESA Science Operations Department, ESTEC/SRE-OA, Keplerlaan 1, 2201 AZ Noordwijk, The Netherlands), AC(ESA Scientific Projects Department, ESTEC/SRE-P, Keplerlaan 1, 2201 AZ Noordwijk, The Netherlands), AD(ESA Scientific Projects Department, ESTEC/SRE-P, Keplerlaan 1, 2201 AZ Noordwijk, The Netherlands), AE(ESA Scientific Projects Department, ESTEC/SRE-P, Keplerlaan 1...},
	Author = {G. L Pilbratt and J. R Riedinger and T Passvogel and G Crone and D Doyle and U Gageur and A. M Heras and C Jewell and L Metcalfe and S Ott and M Schmidt},
	Date-Added = {2015-08-13 16:15:35 +0000},
	Date-Modified = {2015-08-13 16:15:35 +0000},
	Doi = {10.1051/0004-6361/201014759},
	Journal = {Astronomy and Astrophysics},
	Keywords = {Infrared: General, Space Vehicles: Instruments, space vehicles, submillimetre: general},
	Local-Url = {file://localhost/Users/pdh21/Documents/Papers/2010/Pilbratt/Astronomy%20and%20Astrophysics%202010%20Pilbratt.pdf},
	Month = {Jul},
	Pages = {L1},
	Pmid = {2010A&A...518L...1P},
	Rating = {0},
	Title = {Herschel Space Observatory. An ESA facility for far-infrared and submillimetre astronomy},
	Uri = {papers://12942163-C65D-4B67-9BD6-8DA3E4B6572F/Paper/p8793},
	Url = {http://adsabs.harvard.edu/cgi-bin/nph-data_query?bibcode=2010A%2526A...518L...1P&link_type=ABSTRACT},
	Volume = {518},
	Year = {2010},
	Bdsk-File-1 = {YnBsaXN0MDDUAQIDBAUGJCVYJHZlcnNpb25YJG9iamVjdHNZJGFyY2hpdmVyVCR0b3ASAAGGoKgHCBMUFRYaIVUkbnVsbNMJCgsMDxJXTlMua2V5c1pOUy5vYmplY3RzViRjbGFzc6INDoACgAOiEBGABIAFgAdccmVsYXRpdmVQYXRoWWFsaWFzRGF0YV8QUS4uLy4uL0RvY3VtZW50cy9QYXBlcnMvMjAxMC9QaWxicmF0dC9Bc3Ryb25vbXkgYW5kIEFzdHJvcGh5c2ljcyAyMDEwIFBpbGJyYXR0LnBkZtIXCxgZV05TLmRhdGFPEQIaAAAAAAIaAAIAAAxNYWNpbnRvc2ggSEQAAAAAAAAAAAAAAAAAAADILt1lSCsAAAJezd0fQXN0cm9ub215IGFuZCBBc3RybyMyNUVDRERFLnBkZgAAAAAAAAAAAAAAAAAAAAAAAAAAAAAAAAAAAAAAAAAAAl7N3s8ESHcAAAAAAAAAAAACAAUAAAkgAAAAAAAAAAAAAAAAAAAACFBpbGJyYXR0ABAACAAAyC7PVQAAABEACAAAzwRIdwAAAAEAGAJezd0ACt3gAA+ujwAFsmEABbJUAACR+QACAFdNYWNpbnRvc2ggSEQ6VXNlcnM6cGRoMjE6RG9jdW1lbnRzOlBhcGVyczoyMDEwOlBpbGJyYXR0OkFzdHJvbm9teSBhbmQgQXN0cm8jMjVFQ0RERS5wZGYAAA4AWgAsAEEAcwB0AHIAbwBuAG8AbQB5ACAAYQBuAGQAIABBAHMAdAByAG8AcABoAHkAcwBpAGMAcwAgADIAMAAxADAAIABQAGkAbABiAHIAYQB0AHQALgBwAGQAZgAPABoADABNAGEAYwBpAG4AdABvAHMAaAAgAEgARAASAFdVc2Vycy9wZGgyMS9Eb2N1bWVudHMvUGFwZXJzLzIwMTAvUGlsYnJhdHQvQXN0cm9ub215IGFuZCBBc3Ryb3BoeXNpY3MgMjAxMCBQaWxicmF0dC5wZGYAABMAAS8AABUAAgAM//8AAIAG0hscHR5aJGNsYXNzbmFtZVgkY2xhc3Nlc11OU011dGFibGVEYXRhox0fIFZOU0RhdGFYTlNPYmplY3TSGxwiI1xOU0RpY3Rpb25hcnmiIiBfEA9OU0tleWVkQXJjaGl2ZXLRJidUcm9vdIABAAgAEQAaACMALQAyADcAQABGAE0AVQBgAGcAagBsAG4AcQBzAHUAdwCEAI4A4gDnAO8DDQMPAxQDHwMoAzYDOgNBA0oDTwNcA18DcQN0A3kAAAAAAAACAQAAAAAAAAAoAAAAAAAAAAAAAAAAAAADew==},
	Bdsk-Url-1 = {http://adsabs.harvard.edu/cgi-bin/nph-data_query?bibcode=2010A%2526A...518L...1P&link_type=ABSTRACT},
	Bdsk-Url-2 = {http://dx.doi.org/10.1051/0004-6361/201014759}}

@article{Werner:2004,
	Abstract = {The Spitzer Space Telescope, NASA's Great Observatory for infrared astronomy, was launched 2003 August 25 and is returning excellent scientific data from its Earth-trailing solar orbit. Spitzer combines the intrinsic sensitivity achievable with a cryogenic telescope in space with the great imaging and spectroscopic power of modern detector arrays to provide the user community with huge gains in capability for exploration of the cosmos in the infrared. The observatory systems are largely performing as expected, and the projected cryogenic lifetime is in excess of 5 years. This paper summarizes the on-orbit scientific, technical, and operational performance of Spitzer. Subsequent papers in this special issue describe the Spitzer instruments in detail and highlight many of the exciting scientific results obtained during the first 6 months of the Spitzer mission.},
	Affiliation = {AA(Jet Propulsion Laboratory, MS 264-767, 4800 Oak Grove Drive, Pasadena, CA 91109; mwerner@sirtfweb.jpl.nasa.gov.), AB(NASA Ames Research Center, MS 245-6, Moffett Field, CA 94035-1000.), AC(Steward Observatory, University of Arizona, 933 North Cherry Avenue, Tucson, AZ 85721.), AD(Steward Observatory, University of Arizona, 933 North Cherry Avenue, Tucson, AZ 85721.), AE(Steward Observatory, University of Arizona, 933 North Cherry Avenue, Tucson, AZ 85721.), AF(Steward Observatory, University of Arizona, ...},
	Author = {M. W Werner and T. L Roellig and F. J Low and G. H Rieke and M Rieke and W. F Hoffmann and E Young and J. R Houck and B Brandl and G. G Fazio and J. L Hora and R. D Gehrz and G Helou and B. T Soifer and J Stauffer and J Keene and P Eisenhardt and D Gallagher and T. N Gautier and W Irace and C. R Lawrence and L Simmons and J. E Van Cleve and M Jura and E. L Wright and D. P Cruikshank},
	Date-Added = {2015-08-13 16:15:35 +0000},
	Date-Modified = {2015-08-13 16:15:35 +0000},
	Doi = {10.1086/422992},
	Journal = {The Astrophysical Journal Supplement Series},
	Keywords = {Telescopes, Space Vehicles: Instruments},
	Local-Url = {file://localhost/Users/pdh21/Documents/Papers/2004/Werner/The%20Astrophysical%20Journal%20Supplement%20Series%202004%20Werner.pdf},
	Month = {Sep},
	Pages = {1},
	Pmid = {2004ApJS..154....1W},
	Rating = {0},
	Read = {Yes},
	Title = {The Spitzer Space Telescope Mission},
	Uri = {papers://12942163-C65D-4B67-9BD6-8DA3E4B6572F/Paper/p2248},
	Url = {http://adsabs.harvard.edu/cgi-bin/nph-data_query?bibcode=2004ApJS..154....1W&link_type=ABSTRACT},
	Volume = {154},
	Year = {2004},
	Bdsk-File-1 = {YnBsaXN0MDDUAQIDBAUGJCVYJHZlcnNpb25YJG9iamVjdHNZJGFyY2hpdmVyVCR0b3ASAAGGoKgHCBMUFRYaIVUkbnVsbNMJCgsMDxJXTlMua2V5c1pOUy5vYmplY3RzViRjbGFzc6INDoACgAOiEBGABIAFgAdccmVsYXRpdmVQYXRoWWFsaWFzRGF0YV8QXi4uLy4uL0RvY3VtZW50cy9QYXBlcnMvMjAwNC9XZXJuZXIvVGhlIEFzdHJvcGh5c2ljYWwgSm91cm5hbCBTdXBwbGVtZW50IFNlcmllcyAyMDA0IFdlcm5lci5wZGbSFwsYGVdOUy5kYXRhTxECQAAAAAACQAACAAAMTWFjaW50b3NoIEhEAAAAAAAAAAAAAAAAAAAAyC7dZUgrAAAAF3FSH1RoZSBBc3Ryb3BoeXNpY2FsIEpvIzE3NzE1My5wZGYAAAAAAAAAAAAAAAAAAAAAAAAAAAAAAAAAAAAAAAAAAAAXcVPIV37WAAAAAAAAAAAAAgAFAAAJIAAAAAAAAAAAAAAAAAAAAAZXZXJuZXIAEAAIAADILs9VAAAAEQAIAADIV3DGAAAAAQAYABdxUgAKyzUAD66PAAWyYQAFslQAAJH5AAIAVU1hY2ludG9zaCBIRDpVc2VyczpwZGgyMTpEb2N1bWVudHM6UGFwZXJzOjIwMDQ6V2VybmVyOlRoZSBBc3Ryb3BoeXNpY2FsIEpvIzE3NzE1My5wZGYAAA4AeAA7AFQAaABlACAAQQBzAHQAcgBvAHAAaAB5AHMAaQBjAGEAbAAgAEoAbwB1AHIAbgBhAGwAIABTAHUAcABwAGwAZQBtAGUAbgB0ACAAUwBlAHIAaQBlAHMAIAAyADAAMAA0ACAAVwBlAHIAbgBlAHIALgBwAGQAZgAPABoADABNAGEAYwBpAG4AdABvAHMAaAAgAEgARAASAGRVc2Vycy9wZGgyMS9Eb2N1bWVudHMvUGFwZXJzLzIwMDQvV2VybmVyL1RoZSBBc3Ryb3BoeXNpY2FsIEpvdXJuYWwgU3VwcGxlbWVudCBTZXJpZXMgMjAwNCBXZXJuZXIucGRmABMAAS8AABUAAgAM//8AAIAG0hscHR5aJGNsYXNzbmFtZVgkY2xhc3Nlc11OU011dGFibGVEYXRhox0fIFZOU0RhdGFYTlNPYmplY3TSGxwiI1xOU0RpY3Rpb25hcnmiIiBfEA9OU0tleWVkQXJjaGl2ZXLRJidUcm9vdIABAAgAEQAaACMALQAyADcAQABGAE0AVQBgAGcAagBsAG4AcQBzAHUAdwCEAI4A7wD0APwDQANCA0cDUgNbA2kDbQN0A30DggOPA5IDpAOnA6wAAAAAAAACAQAAAAAAAAAoAAAAAAAAAAAAAAAAAAADrg==},
	Bdsk-Url-1 = {http://adsabs.harvard.edu/cgi-bin/nph-data_query?bibcode=2004ApJS..154....1W&link_type=ABSTRACT},
	Bdsk-Url-2 = {http://dx.doi.org/10.1086/422992}}

@article{Eales:2010,
	Adsnote = {Provided by the SAO/NASA Astrophysics Data System},
	Adsurl = {http://adsabs.harvard.edu/abs/2010PASP..122..499E},
	Archiveprefix = {arXiv},
	Author = {{Eales}, S. and {Dunne}, L. and {Clements}, D. and {Cooray}, A. and {de Zotti}, G. and {Dye}, S. and {Ivison}, R. and {Jarvis}, M. and {Lagache}, G. and {Maddox}, S. and {Negrello}, M. and {Serjeant}, S. and {Thompson}, M.~A. and {van Kampen}, E. and {Amblard}, A. and {Andreani}, P. and {Baes}, M. and {Beelen}, A. and {Bendo}, G.~J. and {Benford}, D. and {Bertoldi}, F. and {Bock}, J. and {Bonfield}, D. and {Boselli}, A. and {Bridge}, C. and {Buat}, V. and {Burgarella}, D. and {Carlberg}, R. and {Cava}, A. and {Chanial}, P. and {Charlot}, S. and {Christopher}, N. and {Coles}, P. and {Cortese}, L. and {Dariush}, A. and {da Cunha}, E. and {Dalton}, G. and {Danese}, L. and {Dannerbauer}, H. and {Driver}, S. and {Dunlop}, J. and {Fan}, L. and {Farrah}, D. and {Frayer}, D. and {Frenk}, C. and {Geach}, J. and {Gardner}, J. and {Gomez}, H. and {Gonz{\'a}lez-Nuevo}, J. and {Gonz{\'a}lez-Solares}, E. and {Griffin}, M. and {Hardcastle}, M. and {Hatziminaoglou}, E. and {Herranz}, D. and {Hughes}, D. and {Ibar}, E. and {Jeong}, W.-S. and {Lacey}, C. and {Lapi}, A. and {Lawrence}, A. and {Lee}, M. and {Leeuw}, L. and {Liske}, J. and {L{\'o}pez-Caniego}, M. and {M{\"u}ller}, T. and {Nandra}, K. and {Panuzzo}, P. and {Papageorgiou}, A. and {Patanchon}, G. and {Peacock}, J. and {Pearson}, C. and {Phillipps}, S. and {Pohlen}, M. and {Popescu}, C. and {Rawlings}, S. and {Rigby}, E. and {Rigopoulou}, M. and {Robotham}, A. and {Rodighiero}, G. and {Sansom}, A. and {Schulz}, B. and {Scott}, D. and {Smith}, D.~J.~B. and {Sibthorpe}, B. and {Smail}, I. and {Stevens}, J. and {Sutherland}, W. and {Takeuchi}, T. and {Tedds}, J. and {Temi}, P. and {Tuffs}, R. and {Trichas}, M. and {Vaccari}, M. and {Valtchanov}, I. and {van der Werf}, P. and {Verma}, A. and {Vieria}, J. and {Vlahakis}, C. and {White}, G.~J.},
	Date-Added = {2015-08-13 16:05:45 +0000},
	Date-Modified = {2015-08-13 16:05:59 +0000},
	Doi = {10.1086/653086},
	Eprint = {0910.4279},
	Journal = {\pasp},
	Keywords = {Galaxies},
	Month = may,
	Pages = {499-515},
	Title = {{The Herschel ATLAS}},
	Volume = 122,
	Year = 2010,
	Bdsk-Url-1 = {http://dx.doi.org/10.1086/653086}}

@article{Muzzin:2013,
	Abstract = {We present a catalog covering 1.62 deg^2 of the COSMOS/UltraVISTA field with PSF-matched photometry in 30 photometric bands. The catalog covers the wavelength range 0.15um - 24um including the available GALEX, Subaru, CFHT, VISTA and Spitzer data. Catalog sources have been selected from the DR1 UltraVISTA Ks band imaging that reaches a depth of K_{s,tot} = 23.4 AB (90% completeness). The PSF-matched catalog is generated using position-dependent PSFs ensuring accurate colors across the entire field. Also included is a catalog of photometric redshifts (z_phot) for all galaxies computed with the EAZY code. Comparison with spectroscopy from the zCOSMOS 10k bright sample shows that up to z {\textasciitilde} 1.5 the z_phot are accurate to dz/(1 + z) = 0.013, with a catastrophic outlier fraction of only 1.6%. The z_phot also show good agreement with the z_phot from the NEWFIRM Medium Band Survey (NMBS) out to z {\textasciitilde} 3. A catalog of stellar masses and stellar population parameters for galaxies determined using the FAST spectral energy distribution fitting code is provided for all galaxies. Also included are rest-frame U-V and V-J colors, L_2800 and L_IR. The UVJ color-color diagram confirms that the galaxy bi-modality is well-established out to z {\textasciitilde} 2. Star-forming galaxies also obey a star forming "main sequence" out to z {\textasciitilde} 2.5, and this sequence evolves in a manner consistent with previous measurements. The COSMOS/UltraVISTA Ks-selected catalog covers a unique parameter space in both depth, area, and multi-wavelength coverage and promises to be a useful tool for studying the growth of the galaxy population out to z {\textasciitilde} 3 - 4.},
	Annote = {20 pages, 14 figures. Accepted to the ApJSS. Catalog data products
  available for download here:
  http://www.strw.leidenuniv.nl/galaxyevolution/ULTRAVISTA/},
	Author = {Muzzin, Adam and Marchesini, Danilo and Stefanon, Mauro and Franx, Marijn and Milvang-Jensen, Bo and Dunlop, James S and Fynbo, J P U and Brammer, Gabriel and Labbe, Ivo and van Dokkum, Pieter},
	Date-Added = {2014-05-09T16:11:16GMT},
	Date-Modified = {2014-08-28 10:10:23 +0000},
	Eprint = {1303.4410v3},
	Eprintclass = {astro-ph.CO},
	Eprinttype = {arxiv},
	File = {{arXiv 2013 Muzzin.pdf:/Users/pdh21/Documents/Library.papers3/Articles/2013/Muzzin/arXiv 2013 Muzzin.pdf:application/pdf;arXiv 2013 Muzzin.pdf:/Users/pdh21/Documents/Library.papers3/Articles/2013/Muzzin/arXiv 2013 Muzzin.pdf:application/pdf}},
	Journal = {arXiv},
	Local-Url = {file://localhost/Users/pdh21/Documents/Library.papers3/Articles/2013/Muzzin/arXiv%202013%20Muzzin.pdf},
	Month = mar,
	Rating = {0},
	Read = {Yes},
	Title = {{A Public Ks-selected Catalog in the COSMOS/UltraVISTA Field: Photometry, Photometric Redshifts and Stellar Population Parameters}},
	Uri = {\url{papers3://publication/uuid/1DBE53D7-C352-4B3F-A74B-4FA2443E1456}},
	Url = {http://arxiv.org/abs/1303.4410v3},
	Year = {2013},
	Bdsk-File-1 = {YnBsaXN0MDDUAQIDBAUGJCVYJHZlcnNpb25YJG9iamVjdHNZJGFyY2hpdmVyVCR0b3ASAAGGoKgHCBMUFRYaIVUkbnVsbNMJCgsMDxJXTlMua2V5c1pOUy5vYmplY3RzViRjbGFzc6INDoACgAOiEBGABIAFgAdccmVsYXRpdmVQYXRoWWFsaWFzRGF0YV8QTS4uLy4uLy4uL0RvY3VtZW50cy9MaWJyYXJ5LnBhcGVyczMvQXJ0aWNsZXMvMjAxMy9NdXp6aW4vYXJYaXYgMjAxMyBNdXp6aW4ucGRm0hcLGBlXTlMuZGF0YU8RAfIAAAAAAfIAAgAADE1hY2ludG9zaCBIRAAAAAAAAAAAAAAAAAAAAM6Xq8NIKwAAABp6gRVhclhpdiAyMDEzIE11enppbi5wZGYAAAAAAAAAAAAAAAAAAAAAAAAAAAAAAAAAAAAAAAAAAAAAAAAAAAAAAAAAG6S/zazPkgAAAAAAAAAAAAMABgAACSAAAAAAAAAAAAAAAAAAAAAGTXV6emluABAACAAAzperwwAAABEACAAAzazBggAAAAEAHAAaeoEAGYwzABmL3AAZeooACpLpAAotuwACZI4AAgBkTWFjaW50b3NoIEhEOlVzZXJzOgBwZGgyMToARG9jdW1lbnRzOgBMaWJyYXJ5LnBhcGVyczM6AEFydGljbGVzOgAyMDEzOgBNdXp6aW46AGFyWGl2IDIwMTMgTXV6emluLnBkZgAOACwAFQBhAHIAWABpAHYAIAAyADAAMQAzACAATQB1AHoAegBpAG4ALgBwAGQAZgAPABoADABNAGEAYwBpAG4AdABvAHMAaAAgAEgARAASAFBVc2Vycy9wZGgyMS9Eb2N1bWVudHMvTGlicmFyeS5wYXBlcnMzL0FydGljbGVzLzIwMTMvTXV6emluL2FyWGl2IDIwMTMgTXV6emluLnBkZgATAAEvAAAVAAIADP//AACABtIbHB0eWiRjbGFzc25hbWVYJGNsYXNzZXNdTlNNdXRhYmxlRGF0YaMdHyBWTlNEYXRhWE5TT2JqZWN00hscIiNcTlNEaWN0aW9uYXJ5oiIgXxAPTlNLZXllZEFyY2hpdmVy0SYnVHJvb3SAAQAIABEAGgAjAC0AMgA3AEAARgBNAFUAYABnAGoAbABuAHEAcwB1AHcAhACOAN4A4wDrAuEC4wLoAvMC/AMKAw4DFQMeAyMDMAMzA0UDSANNAAAAAAAAAgEAAAAAAAAAKAAAAAAAAAAAAAAAAAAAA08=},
	Bdsk-Url-1 = {http://arxiv.org/abs/1303.4410v3}}

@article{Lutz:2011,
	Abstract = {Deep far-infrared photometric surveys studying galaxy evolution and the nature of the cosmic infrared background are a key strength of the Herschel mission. We describe the scientific motivation for the PACS Evolutionary Probe (PEP) guaranteed time key program and its role within the entire set of Herschel surveys, and the field selection that includes popular multiwavelength fields such as GOODS, COSMOS, Lockman Hole, ECDFS, and EGS. We provide an account of the observing strategies and data reduction methods used. An overview of first science results illustrates the potential of PEP in providing calorimetric star formation rates for high-redshift galaxy populations, thus testing and superseding previous extrapolations from other wavelengths, and enabling a wide range of galaxy evolution studies. Herschel is an ESA space observatory with science instruments provided by European-led Principal Investigator consortia and with important participation from NASA.},
	Affiliation = {MPE, Postfach 1312, 85741, Garching, Germany lutz@mpe.mpg.de},
	Author = {Lutz, D and Poglitsch, A and Altieri, B and Andreani, P and Aussel, H and Berta, S and Bongiovanni, A and Brisbin, D and Cava, A and Cepa, J and Cimatti, A and Daddi, E and Dominguez-Sanchez, H and Elbaz, D and F{\"o}rster Schreiber, N M and Genzel, R and Grazian, A and Gruppioni, C and Harwit, M and Le Floc{\textquoteright}h, E and Magdis, G and Magnelli, B and Maiolino, R and Nordon, R and P{\'e}rez Garc{\'\i}a, A M and Popesso, P and Pozzi, F and Riguccini, L and Rodighiero, G and Saintonge, A and S{\'a}nchez Portal, M and Santini, P and Shao, L and Sturm, E and Tacconi, L J and Valtchanov, I and Wetzstein, M and Wieprecht, E},
	Date-Added = {2014-06-26T11:18:24GMT},
	Date-Modified = {2014-08-28 10:10:23 +0000},
	Doi = {10.1051/0004-6361/201117107},
	File = {{A&A 2011 Lutz.pdf:/Users/pdh21/Documents/Library.papers3/Articles/2011/Lutz/A&A 2011 Lutz.pdf:application/pdf}},
	Journal = {A{\&}A},
	Language = {English},
	Local-Url = {file://localhost/Users/pdh21/Documents/Library.papers3/Articles/2011/Lutz/A&A%202011%20Lutz.pdf},
	Month = aug,
	Pages = {90},
	Publisher = {EDP Sciences},
	Rating = {0},
	Title = {{PACS Evolutionary Probe (PEP) - A Herschel key program}},
	Uri = {\url{papers3://publication/doi/10.1051/0004-6361/201117107}},
	Url = {http://adsabs.harvard.edu/cgi-bin/nph-data_query?bibcode=2011A%26A...532A..90L&link_type=EJOURNAL},
	Volume = {532},
	Year = {2011},
	Bdsk-File-1 = {YnBsaXN0MDDUAQIDBAUGJCVYJHZlcnNpb25YJG9iamVjdHNZJGFyY2hpdmVyVCR0b3ASAAGGoKgHCBMUFRYaIVUkbnVsbNMJCgsMDxJXTlMua2V5c1pOUy5vYmplY3RzViRjbGFzc6INDoACgAOiEBGABIAFgAdccmVsYXRpdmVQYXRoWWFsaWFzRGF0YV8QRy4uLy4uLy4uL0RvY3VtZW50cy9MaWJyYXJ5LnBhcGVyczMvQXJ0aWNsZXMvMjAxMS9MdXR6L0EmQSAyMDExIEx1dHoucGRm0hcLGBlXTlMuZGF0YU8RAdwAAAAAAdwAAgAADE1hY2ludG9zaCBIRAAAAAAAAAAAAAAAAAAAAM6Xq8NIKwAAADrk0BFBJkEgMjAxMSBMdXR6LnBkZgAAAAAAAAAAAAAAAAAAAAAAAAAAAAAAAAAAAAAAAAAAAAAAAAAAAAAAAAAAAAAAOuTSz9HAEgAAAAAAAAAAAAMABgAACSAAAAAAAAAAAAAAAAAAAAAETHV0egAQAAgAAM6Xq8MAAAARAAgAAM/RsgIAAAABABwAOuTQABmM2gAZi9wAGXqKAAqS6QAKLbsAAmSOAAIAXk1hY2ludG9zaCBIRDpVc2VyczoAcGRoMjE6AERvY3VtZW50czoATGlicmFyeS5wYXBlcnMzOgBBcnRpY2xlczoAMjAxMToATHV0ejoAQSZBIDIwMTEgTHV0ei5wZGYADgAkABEAQQAmAEEAIAAyADAAMQAxACAATAB1AHQAegAuAHAAZABmAA8AGgAMAE0AYQBjAGkAbgB0AG8AcwBoACAASABEABIASlVzZXJzL3BkaDIxL0RvY3VtZW50cy9MaWJyYXJ5LnBhcGVyczMvQXJ0aWNsZXMvMjAxMS9MdXR6L0EmQSAyMDExIEx1dHoucGRmABMAAS8AABUAAgAM//8AAIAG0hscHR5aJGNsYXNzbmFtZVgkY2xhc3Nlc11OU011dGFibGVEYXRhox0fIFZOU0RhdGFYTlNPYmplY3TSGxwiI1xOU0RpY3Rpb25hcnmiIiBfEA9OU0tleWVkQXJjaGl2ZXLRJidUcm9vdIABAAgAEQAaACMALQAyADcAQABGAE0AVQBgAGcAagBsAG4AcQBzAHUAdwCEAI4A2ADdAOUCxQLHAswC1wLgAu4C8gL5AwIDBwMUAxcDKQMsAzEAAAAAAAACAQAAAAAAAAAoAAAAAAAAAAAAAAAAAAADMw==},
	Bdsk-Url-1 = {http://adsabs.harvard.edu/cgi-bin/nph-data_query?bibcode=2011A%26A...532A..90L&link_type=EJOURNAL},
	Bdsk-Url-2 = {http://dx.doi.org/10.1051/0004-6361/201117107}}

@article{Roseboom:2010,
	Abstract = {We present the cross-identification and source photometry techniques used to process Herschel SPIRE imaging taken as part of the Herschel Multi-Tiered Extragalactic Survey (HerMES). Cross-identifications are performed in map-space so as to minimise source blending effects. We make use of a combination of linear inversion and model selection techniques to produce reliable cross-identification catalogues based on Spitzer MIPS 24 micron source positions. Testing on simulations and real Herschel observations show that this approach gives robust results for even the faintest sources S250{\textasciitilde}10 mJy. We apply our new technique to HerMES SPIRE observations taken as part of the science demostration phase of Herschel. For our real SPIRE observations we show that, for bright unconfused sources, our flux density estimates are in good agreement with those produced via more traditional point source detection methods (SussExtractor; Savage {\&} Oliver et al. 2006) by Smith et al. 2010. When compared to the measured number density of sources in the SPIRE bands, we show that our method allows the recovery of a larger fraction of faint sources than these traditional methods. However this completeness is heavily dependant on the relative depth of the existing 24 micron catalogues and SPIRE imaging. Using our deepest multi-wavelength dataset in GOODS-N, we estimate that the use of shallow 24 micron in our other fields introduces an incompleteness at faint levels of between 20-40 per cent at 250 micron.},
	Author = {Roseboom, I G and Oliver, S J and Kunz, M and Altieri, B and Amblard, A and Arumugam, V and Auld, R and Aussel, H and Babbedge, T and B{\'e}thermin, M and Blain, A and Bock, J and Boselli, A and Brisbin, D and Buat, V and Burgarella, D and Castro-Rodr{\'\i}guez, N and Cava, A and Chanial, P and Chapin, E and Clements, D L and Conley, A and Conversi, L and Cooray, A and Dowell, C D and Dwek, E and Dye, S and Eales, S and Elbaz, D and Farrah, D and Fox, M and Franceschini, A and Gear, W and Glenn, J and Solares, E A Gonzalez and Griffin, M and Halpern, M and Harwit, M and Hatziminaoglou, E and Huang, J and Ibar, E and Isaak, K and Ivison, R J and Lagache, G and Levenson, L and Lu, N and Madden, S and Maffei, B and Mainetti, G and Marchetti, L and Marsden, G and Mortier, A M J and Nguyen, H T and O{\textquoteright}Halloran, B and Omont, A and Page, M J and Panuzzo, P and Papageorgiou, A and Patel, H and Pearson, C P and P{\'e}rez-Fournon, I and Pohlen, M and Rawlings, J I and Raymond, G and Rigopoulou, D and Rizzo, D and Rowan-Robinson, M and Portal, M S{\'a}nchez and Schulz, B and Scott, Douglas and Seymour, N and Shupe, D L and Smith, A J and Stevens, J A and Symeonidis, M and Trichas, M and Tugwell, K E and Vaccari, M and Valtchanov, I and Vieira, J D and Vigroux, L and Wang, L and Ward, R and Wright, G and Xu, C K and Zemcov, M},
	Date-Added = {2014-05-09T11:37:55GMT},
	Date-Modified = {2014-08-28 10:10:23 +0000},
	Eprint = {1009.1658v1},
	Eprintclass = {astro-ph.CO},
	Eprinttype = {arxiv},
	File = {{arXiv 2010 Roseboom.pdf:/Users/pdh21/Documents/Library.papers3/Articles/2010/Roseboom/arXiv 2010 Roseboom.pdf:application/pdf;arXiv 2010 Roseboom.pdf:/Users/pdh21/Documents/Library.papers3/Articles/2010/Roseboom/arXiv 2010 Roseboom.pdf:application/pdf}},
	Journal = {arXiv},
	Local-Url = {file://localhost/Users/pdh21/Documents/Library.papers3/Articles/2010/Roseboom/arXiv%202010%20Roseboom.pdf},
	Month = sep,
	Rating = {0},
	Read = {Yes},
	Title = {{The Herschel Multi-Tiered Extragalactic Survey: Source Extraction and Cross-Identifications in Confusion-Dominated SPIRE Images}},
	Uri = {\url{papers3://publication/uuid/52B5EAB1-7A0D-41B8-A6A4-FCC730406330}},
	Url = {http://arxiv.org/abs/1009.1658v1},
	Year = {2010},
	Bdsk-File-1 = {YnBsaXN0MDDUAQIDBAUGJCVYJHZlcnNpb25YJG9iamVjdHNZJGFyY2hpdmVyVCR0b3ASAAGGoKgHCBMUFRYaIVUkbnVsbNMJCgsMDxJXTlMua2V5c1pOUy5vYmplY3RzViRjbGFzc6INDoACgAOiEBGABIAFgAdccmVsYXRpdmVQYXRoWWFsaWFzRGF0YV8QUS4uLy4uLy4uL0RvY3VtZW50cy9MaWJyYXJ5LnBhcGVyczMvQXJ0aWNsZXMvMjAxMC9Sb3NlYm9vbS9hclhpdiAyMDEwIFJvc2Vib29tLnBkZtIXCxgZV05TLmRhdGFPEQIAAAAAAAIAAAIAAAxNYWNpbnRvc2ggSEQAAAAAAAAAAAAAAAAAAADOl6vDSCsAAAA6/00XYXJYaXYgMjAxMCBSb3NlYm9vbS5wZGYAAAAAAAAAAAAAAAAAAAAAAAAAAAAAAAAAAAAAAAAAAAAAAAAAAAAAADr+3civQBYAAAAAAAAAAAADAAYAAAkgAAAAAAAAAAAAAAAAAAAACFJvc2Vib29tABAACAAAzperwwAAABEACAAAyK8yBgAAAAEAHAA6/00AGYw/ABmL3AAZeooACpLpAAotuwACZI4AAgBoTWFjaW50b3NoIEhEOlVzZXJzOgBwZGgyMToARG9jdW1lbnRzOgBMaWJyYXJ5LnBhcGVyczM6AEFydGljbGVzOgAyMDEwOgBSb3NlYm9vbToAYXJYaXYgMjAxMCBSb3NlYm9vbS5wZGYADgAwABcAYQByAFgAaQB2ACAAMgAwADEAMAAgAFIAbwBzAGUAYgBvAG8AbQAuAHAAZABmAA8AGgAMAE0AYQBjAGkAbgB0AG8AcwBoACAASABEABIAVFVzZXJzL3BkaDIxL0RvY3VtZW50cy9MaWJyYXJ5LnBhcGVyczMvQXJ0aWNsZXMvMjAxMC9Sb3NlYm9vbS9hclhpdiAyMDEwIFJvc2Vib29tLnBkZgATAAEvAAAVAAIADP//AACABtIbHB0eWiRjbGFzc25hbWVYJGNsYXNzZXNdTlNNdXRhYmxlRGF0YaMdHyBWTlNEYXRhWE5TT2JqZWN00hscIiNcTlNEaWN0aW9uYXJ5oiIgXxAPTlNLZXllZEFyY2hpdmVy0SYnVHJvb3SAAQAIABEAGgAjAC0AMgA3AEAARgBNAFUAYABnAGoAbABuAHEAcwB1AHcAhACOAOIA5wDvAvMC9QL6AwUDDgMcAyADJwMwAzUDQgNFA1cDWgNfAAAAAAAAAgEAAAAAAAAAKAAAAAAAAAAAAAAAAAAAA2E=},
	Bdsk-Url-1 = {http://arxiv.org/abs/1009.1658v1}}

@article{Capak:2007,
	Abstract = {We present imaging data and photometry for the COSMOS survey in 15 photometric bands between 0.3 and 2.4 $\mu$m. These include data taken on the Subaru 8.3 m telescope, the KPNO and CTIO 4 m telescopes, and the CFHT 3.6 m telescope. Special techniques are used to ensure that the relative photometric calibration is better than 1% across the field of view. The absolute photometric accuracy from standard-star measurements is found to be 6%. The absolute calibration is corrected using galaxy spectra, providing colors accurate to 2% or better. Stellar and galaxy colors and counts agree well with the expected values. Finally, as the first step in the scientific analysis of these data we construct panchromatic number counts which confirm that both the geometry of the universe and the galaxy population are evolving.},
	Author = {Capak, P and Aussel, H and Ajiki, M and McCracken, H J and Mobasher, B and Scoville, N and Shopbell, P and Taniguchi, Y and Thompson, D and Tribiano, S and Sasaki, S and Blain, A W and Brusa, M and Carilli, C and Comastri, A and Carollo, C M and Cassata, P and Colbert, J and Ellis, R S and Elvis, M and Giavalisco, M and Green, W and Guzzo, L and Hasinger, G and Ilbert, O and Impey, C and Jahnke, K and Kartaltepe, J and Kneib, J P and Koda, J and Koekemoer, A and Komiyama, Y and Leauthaud, A and Lefevre, O and Lilly, S and Liu, C and Massey, R and Miyazaki, S and Murayama, T and Nagao, T and Peacock, J A and Pickles, A and Porciani, C and Renzini, A and Rhodes, J and Rich, M and Salvato, M and Sanders, D B and Scarlata, C and Schiminovich, D and Schinnerer, E and Scodeggio, M and Sheth, K and Shioya, Y and Tasca, L A M and Taylor, J E and Yan, L and Zamorani, G},
	Date-Added = {2014-05-15T14:57:00GMT},
	Date-Modified = {2014-08-28 10:10:23 +0000},
	Doi = {10.1086/519081},
	File = {{ApJS 2007 Capak.pdf:/Users/pdh21/Documents/Library.papers3/Articles/2007/Capak/ApJS 2007 Capak.pdf:application/pdf;ApJS 2007 Capak.pdf:/Users/pdh21/Documents/Library.papers3/Articles/2007/Capak/ApJS 2007 Capak.pdf:application/pdf}},
	Journal = {ApJS},
	Language = {English},
	Local-Url = {file://localhost/Users/pdh21/Documents/Library.papers3/Articles/2007/Capak/ApJS%202007%20Capak.pdf},
	Month = sep,
	Number = {1},
	Pages = {99--116},
	Publisher = {IOP Publishing},
	Rating = {0},
	Read = {Yes},
	Title = {{The First Release COSMOS Optical and Near-IR Data and Catalog}},
	Uri = {\url{papers3://publication/doi/10.1086/519081}},
	Url = {http://iopscience.iop.org/0067-0049/172/1/99/fulltext/},
	Volume = {172},
	Year = {2007},
	Bdsk-File-1 = {YnBsaXN0MDDUAQIDBAUGJCVYJHZlcnNpb25YJG9iamVjdHNZJGFyY2hpdmVyVCR0b3ASAAGGoKgHCBMUFRYaIVUkbnVsbNMJCgsMDxJXTlMua2V5c1pOUy5vYmplY3RzViRjbGFzc6INDoACgAOiEBGABIAFgAdccmVsYXRpdmVQYXRoWWFsaWFzRGF0YV8QSi4uLy4uLy4uL0RvY3VtZW50cy9MaWJyYXJ5LnBhcGVyczMvQXJ0aWNsZXMvMjAwNy9DYXBhay9BcEpTIDIwMDcgQ2FwYWsucGRm0hcLGBlXTlMuZGF0YU8RAeoAAAAAAeoAAgAADE1hY2ludG9zaCBIRAAAAAAAAAAAAAAAAAAAAM6Xq8NIKwAAAB/2CRNBcEpTIDIwMDcgQ2FwYWsucGRmAAAAAAAAAAAAAAAAAAAAAAAAAAAAAAAAAAAAAAAAAAAAAAAAAAAAAAAAAAAAH/ZKz5qUVAAAAAAAAAAAAAMABgAACSAAAAAAAAAAAAAAAAAAAAAFQ2FwYWsAABAACAAAzperwwAAABEACAAAz5qGRAAAAAEAHAAf9gkAGYz+ABmL3AAZeooACpLpAAotuwACZI4AAgBhTWFjaW50b3NoIEhEOlVzZXJzOgBwZGgyMToARG9jdW1lbnRzOgBMaWJyYXJ5LnBhcGVyczM6AEFydGljbGVzOgAyMDA3OgBDYXBhazoAQXBKUyAyMDA3IENhcGFrLnBkZgAADgAoABMAQQBwAEoAUwAgADIAMAAwADcAIABDAGEAcABhAGsALgBwAGQAZgAPABoADABNAGEAYwBpAG4AdABvAHMAaAAgAEgARAASAE1Vc2Vycy9wZGgyMS9Eb2N1bWVudHMvTGlicmFyeS5wYXBlcnMzL0FydGljbGVzLzIwMDcvQ2FwYWsvQXBKUyAyMDA3IENhcGFrLnBkZgAAEwABLwAAFQACAAz//wAAgAbSGxwdHlokY2xhc3NuYW1lWCRjbGFzc2VzXU5TTXV0YWJsZURhdGGjHR8gVk5TRGF0YVhOU09iamVjdNIbHCIjXE5TRGljdGlvbmFyeaIiIF8QD05TS2V5ZWRBcmNoaXZlctEmJ1Ryb290gAEACAARABoAIwAtADIANwBAAEYATQBVAGAAZwBqAGwAbgBxAHMAdQB3AIQAjgDbAOAA6ALWAtgC3QLoAvEC/wMDAwoDEwMYAyUDKAM6Az0DQgAAAAAAAAIBAAAAAAAAACgAAAAAAAAAAAAAAAAAAANE},
	Bdsk-Url-1 = {http://iopscience.iop.org/0067-0049/172/1/99/fulltext/},
	Bdsk-Url-2 = {http://dx.doi.org/10.1086/519081}}

@article{Collister:2004,
	Abstract = {We introduce ANNz, a freely available software package for photometric redshift estimation using artificial neural networks. ANNz learns the relation between photometry and redshift from an appropriate training set of galaxies for which the redshift is already known. Where a large and representative training set is available, ANNz is a highly competitive tool when compared with traditional template-fitting methods. The ANNz package is demonstrated on the Sloan Digital Sky Survey Data Release 1, and for this particular data set the rms redshift error in the range 0<{\textasciitilde}z<{\textasciitilde}0.7 is $\sigma$rms=0.023. Nonideal conditions (spectroscopic sets that are small or brighter than the photometric set for which redshifts are required) are simulated, and the impact on the photometric redshift accuracy is assessed.2},
	Affiliation = {Institute of Astronomy, University of Cambridge, Cambridge CB3 0HA, UK aac@ast.cam.ac.uk},
	Author = {Collister, Adrian A and Lahav, Ofer},
	Date-Added = {2014-06-26T12:15:38GMT},
	Date-Modified = {2014-08-28 10:10:23 +0000},
	Doi = {10.1086/383254},
	File = {{2004 Collister.pdf:/Users/pdh21/Documents/Library.papers3/Articles/2004/Collister/2004 Collister.pdf:application/pdf}},
	Journal = {The Publications of the Astronomical Society of the Pacific},
	Language = {English},
	Local-Url = {file://localhost/Users/pdh21/Documents/Library.papers3/Articles/2004/Collister/2004%20Collister.pdf},
	Month = apr,
	Number = {8},
	Pages = {345--351},
	Rating = {0},
	Title = {{ANNz: Estimating Photometric Redshifts Using Artificial Neural Networks}},
	Uri = {\url{papers3://publication/doi/10.1086/383254}},
	Url = {http://adsabs.harvard.edu/cgi-bin/nph-data_query?bibcode=2004PASP..116..345C&link_type=EJOURNAL},
	Volume = {116},
	Year = {2004},
	Bdsk-File-1 = {YnBsaXN0MDDUAQIDBAUGJCVYJHZlcnNpb25YJG9iamVjdHNZJGFyY2hpdmVyVCR0b3ASAAGGoKgHCBMUFRYaIVUkbnVsbNMJCgsMDxJXTlMua2V5c1pOUy5vYmplY3RzViRjbGFzc6INDoACgAOiEBGABIAFgAdccmVsYXRpdmVQYXRoWWFsaWFzRGF0YV8QTS4uLy4uLy4uL0RvY3VtZW50cy9MaWJyYXJ5LnBhcGVyczMvQXJ0aWNsZXMvMjAwNC9Db2xsaXN0ZXIvMjAwNCBDb2xsaXN0ZXIucGRm0hcLGBlXTlMuZGF0YU8RAfAAAAAAAfAAAgAADE1hY2ludG9zaCBIRAAAAAAAAAAAAAAAAAAAAM6Xq8NIKwAAADrvaRIyMDA0IENvbGxpc3Rlci5wZGYAAAAAAAAAAAAAAAAAAAAAAAAAAAAAAAAAAAAAAAAAAAAAAAAAAAAAAAAAAAAAOu98zxscbQAAAAAAAAAAAAMABgAACSAAAAAAAAAAAAAAAAAAAAAJQ29sbGlzdGVyAAAQAAgAAM6Xq8MAAAARAAgAAM8bHG0AAAABABwAOu9pABmMWgAZi9wAGXqKAAqS6QAKLbsAAmSOAAIAZE1hY2ludG9zaCBIRDpVc2VyczoAcGRoMjE6AERvY3VtZW50czoATGlicmFyeS5wYXBlcnMzOgBBcnRpY2xlczoAMjAwNDoAQ29sbGlzdGVyOgAyMDA0IENvbGxpc3Rlci5wZGYADgAmABIAMgAwADAANAAgAEMAbwBsAGwAaQBzAHQAZQByAC4AcABkAGYADwAaAAwATQBhAGMAaQBuAHQAbwBzAGgAIABIAEQAEgBQVXNlcnMvcGRoMjEvRG9jdW1lbnRzL0xpYnJhcnkucGFwZXJzMy9BcnRpY2xlcy8yMDA0L0NvbGxpc3Rlci8yMDA0IENvbGxpc3Rlci5wZGYAEwABLwAAFQACAAz//wAAgAbSGxwdHlokY2xhc3NuYW1lWCRjbGFzc2VzXU5TTXV0YWJsZURhdGGjHR8gVk5TRGF0YVhOU09iamVjdNIbHCIjXE5TRGljdGlvbmFyeaIiIF8QD05TS2V5ZWRBcmNoaXZlctEmJ1Ryb290gAEACAARABoAIwAtADIANwBAAEYATQBVAGAAZwBqAGwAbgBxAHMAdQB3AIQAjgDeAOMA6wLfAuEC5gLxAvoDCAMMAxMDHAMhAy4DMQNDA0YDSwAAAAAAAAIBAAAAAAAAACgAAAAAAAAAAAAAAAAAAANN},
	Bdsk-Url-1 = {http://adsabs.harvard.edu/cgi-bin/nph-data_query?bibcode=2004PASP..116..345C&link_type=EJOURNAL},
	Bdsk-Url-2 = {http://dx.doi.org/10.1086/383254}}

@article{Ilbert:2013,
	Abstract = {We estimate the galaxy stellar mass function and stellar mass density for star-forming and quiescent galaxies with 0.2 < z < 4. We construct a large, deep (Ks < 24) sample of 220 000 galaxies selected using the new UltraVISTA DR1 data release. Our analysis is based on precise 30-band photometricredshifts. By comparing these photometric redshifts with 10,800 spectroscopic redshifts from the zCOSMOS bright and faint surveys, we find a precision of $\sigma$$\Delta$z/(1 + z) = 0.008 at i+ < 22.5 and $\sigma$$\Delta$z/(1 + z) = 0.03 at 1.5 < z < 4. We derive the stellar mass function and correct for the Eddington bias. We find a mass-dependent evolution of the global and star-forming populations, with the low-mass end of the mass functions evolving more rapidly than the high-mass end. This mass-dependent evolution is a direct consequence of the star formation being "quenched" in galaxies more massive than M ≳ 1010.7 - 10.9M⊙. For the mass function of the quiescent galaxies, we do not find any significant evolution of the high-mass end at z < 1; however we observe a clear flattening of the faint-end slope. From z {\textasciitilde} 3 to z {\textasciitilde} 1, the density of quiescent galaxies increases over the entire mass range. Their comoving stellar mass density increases by 1.6 dex between z {\textasciitilde} 3 and z {\textasciitilde} 1 and by less than 0.2 dex at z < 1. We infer the star formation history from the mass density evolution. This inferred star formation history is in excellent agreement with instantaneous star formation rate measurements at z < 1.5, while we find differences of 0.2 dex at z > 1.5 consistent with the expected uncertainties. We also develop a new method to infer the specific star formation rate from the mass function of star-forming galaxies. We find that the specific star formation rate of 1010 - 10.5M⊙ galaxies increases continuously in the redshift range 1 < z < 4. Finally, we compare our results with a semi-analytical model and find that these models overestimate the density of low mass quiescent galaxies by an order of magnitude, while the density of low-mass star-forming galaxies is successfully reproduced. Based on data products from observations made with ESO Telescopes at the La Silla Paranal Observatory under ESO programme ID 179.A-2005 and on data products produced by TERAPIX and the Cambridge Astronomy Survey Unit on behalf of the UltraVISTA consortium.Catalogues are only available at the CDS via anonymous ftp to http://cdsarc.u-strasbg.fr (ftp://130.79.128.5) or via http://cdsarc.u-strasbg.fr/viz-bin/qcat?J/A+A/556/A55},
	Affiliation = {Aix Marseille Universit{\'e}, CNRS, LAM (Laboratoire d'Astrophysique de Marseille), UMR 7326, 13388, Marseille, France olivier.ilbert@lam.fr},
	Author = {Ilbert, O and McCracken, H J and Le F{\`e}vre, O and Capak, P and Dunlop, J and Karim, A and Renzini, M A and Caputi, K and Boissier, S and Arnouts, S and Aussel, H and Comparat, J and Guo, Q and Hudelot, P and Kartaltepe, J and Kneib, J P and Krogager, J K and Le Floc{\textquoteright}h, E and Lilly, S and Mellier, Y and Milvang-Jensen, B and Moutard, T and Onodera, M and Richard, J and Salvato, M and Sanders, D B and Scoville, N and Silverman, J D and Taniguchi, Y and Tasca, L and Thomas, R and Toft, S and Tresse, L and Vergani, D and Wolk, M and Zirm, A},
	Date-Added = {2014-06-03T09:52:00GMT},
	Date-Modified = {2014-08-28 10:10:23 +0000},
	Doi = {10.1051/0004-6361/201321100},
	File = {{A&A 2013 Ilbert.pdf:/Users/pdh21/Documents/Library.papers3/Articles/2013/Ilbert/A&A 2013 Ilbert.pdf:application/pdf;A&A 2013 Ilbert.pdf:/Users/pdh21/Documents/Library.papers3/Articles/2013/Ilbert/A&A 2013 Ilbert.pdf:application/pdf}},
	Journal = {A{\&}A},
	Language = {English},
	Local-Url = {file://localhost/Users/pdh21/Documents/Library.papers3/Articles/2013/Ilbert/A&A%202013%20Ilbert.pdf},
	Month = aug,
	Pages = {55},
	Publisher = {EDP Sciences},
	Rating = {0},
	Read = {Yes},
	Title = {{Mass assembly in quiescent and star-forming galaxies since z ≃ 4 from UltraVISTA}},
	Uri = {\url{papers3://publication/doi/10.1051/0004-6361/201321100}},
	Url = {http://adsabs.harvard.edu/cgi-bin/nph-data_query?bibcode=2013A%26A...556A..55I&link_type=EJOURNAL},
	Volume = {556},
	Year = {2013},
	Bdsk-File-1 = {YnBsaXN0MDDUAQIDBAUGJCVYJHZlcnNpb25YJG9iamVjdHNZJGFyY2hpdmVyVCR0b3ASAAGGoKgHCBMUFRYaIVUkbnVsbNMJCgsMDxJXTlMua2V5c1pOUy5vYmplY3RzViRjbGFzc6INDoACgAOiEBGABIAFgAdccmVsYXRpdmVQYXRoWWFsaWFzRGF0YV8QSy4uLy4uLy4uL0RvY3VtZW50cy9MaWJyYXJ5LnBhcGVyczMvQXJ0aWNsZXMvMjAxMy9JbGJlcnQvQSZBIDIwMTMgSWxiZXJ0LnBkZtIXCxgZV05TLmRhdGFPEQHqAAAAAAHqAAIAAAxNYWNpbnRvc2ggSEQAAAAAAAAAAAAAAAAAAADOl6vDSCsAAAAti+wTQSZBIDIwMTMgSWxiZXJ0LnBkZgAAAAAAAAAAAAAAAAAAAAAAAAAAAAAAAAAAAAAAAAAAAAAAAAAAAAAAAAAAAC2MFc+zWU8AAAAAAAAAAAADAAYAAAkgAAAAAAAAAAAAAAAAAAAABklsYmVydAAQAAgAAM6Xq8MAAAARAAgAAM+zSz8AAAABABwALYvsABmMMwAZi9wAGXqKAAqS6QAKLbsAAmSOAAIAYk1hY2ludG9zaCBIRDpVc2VyczoAcGRoMjE6AERvY3VtZW50czoATGlicmFyeS5wYXBlcnMzOgBBcnRpY2xlczoAMjAxMzoASWxiZXJ0OgBBJkEgMjAxMyBJbGJlcnQucGRmAA4AKAATAEEAJgBBACAAMgAwADEAMwAgAEkAbABiAGUAcgB0AC4AcABkAGYADwAaAAwATQBhAGMAaQBuAHQAbwBzAGgAIABIAEQAEgBOVXNlcnMvcGRoMjEvRG9jdW1lbnRzL0xpYnJhcnkucGFwZXJzMy9BcnRpY2xlcy8yMDEzL0lsYmVydC9BJkEgMjAxMyBJbGJlcnQucGRmABMAAS8AABUAAgAM//8AAIAG0hscHR5aJGNsYXNzbmFtZVgkY2xhc3Nlc11OU011dGFibGVEYXRhox0fIFZOU0RhdGFYTlNPYmplY3TSGxwiI1xOU0RpY3Rpb25hcnmiIiBfEA9OU0tleWVkQXJjaGl2ZXLRJidUcm9vdIABAAgAEQAaACMALQAyADcAQABGAE0AVQBgAGcAagBsAG4AcQBzAHUAdwCEAI4A3ADhAOkC1wLZAt4C6QLyAwADBAMLAxQDGQMmAykDOwM+A0MAAAAAAAACAQAAAAAAAAAoAAAAAAAAAAAAAAAAAAADRQ==},
	Bdsk-Url-1 = {http://adsabs.harvard.edu/cgi-bin/nph-data_query?bibcode=2013A%26A...556A..55I&link_type=EJOURNAL},
	Bdsk-Url-2 = {http://dx.doi.org/10.1051/0004-6361/201321100}}

@article{Ivison:2010,
	Abstract = {We set out to determine the ratio, qIR, of rest-frame 8-1000-$\mu$m flux, SIR, to monochromatic radio flux, S1.4 GHz, for galaxies selected at far-infrared (IR) and radio wavelengths, to search for signs that the ratio evolves with redshift, luminosity or dust temperature, Td, and to identify any far-IR-bright outliers - useful laboratories for exploring why the far-IR/radio correlation (FIRRC) is generally so tight when the prevailing theory suggests variations are almost inevitable. We use flux-limited 250-$\mu$m and 1.4-GHz samples, obtained using Herschel and the Very Large Array (VLA) in GOODS-North (-N). We determine bolometric IR output using ten bands spanning $\lambda$obs = 24-1250 $\mu$m, exploiting data from PACS and SPIRE (PEP; HerMES), as well as Spitzer, SCUBA, AzTEC and MAMBO. We also explore the properties of an LIR-matched sample, designed to reveal evolution of qIR with redshift, spanning log LIR = 11-12 L⊙ and z = 0-2, by stacking into the radio and far-IR images. For 1.4-GHz-selected galaxies in GOODS-N, we see tentative evidence of a break in the flux ratio, qIR, at L1.4 GHz {\textasciitilde} 1022.7 W Hz-1, where active galactic nuclei (AGN) are starting to dominate the radio power density, and of weaker correlations with redshift and Td. From our 250-$\mu$m-selected sample we identify a small number of far-IR-bright outliers, and see trends of qIR with L1.4 GHz, LIR, Td and redshift, noting that some of these are inter-related. For our LIR-matched sample, there is no evidence that qIR changes significantly as we move back into the epoch of galaxy formation: we find qIR $\propto$(1+z)$\gamma$, where $\gamma$ = -0.04{\textpm}0.03 at z = 0-2; however, discounting the least reliable data at z < 0.5 we find $\gamma$ = -0.26{\textpm}0.07, modest evolution which may be related to the radio background seen by ARCADE 2, perhaps driven by <10-$\mu$Jy radio activity amongst ordinary star-forming galaxies at z > 1. Herschel is an ESA space observatory with science instruments provided by European-led Principal Investigator consortia and with important participation from NASA.},
	Affiliation = {UK Astronomy Technology Centre, Royal Observatory, Blackford Hill, Edinburgh EH9 3HJ, UK ; Institute for Astronomy, University of Edinburgh, Royal Observatory, Blackford Hill, Edinburgh EH9 3HJ, UK rji@roe.ac.uk},
	Author = {Ivison, R J and Magnelli, B and Ibar, E and Andreani, P and Elbaz, D and Altieri, B and Amblard, A and Arumugam, V and Auld, R and Aussel, H and Babbedge, T and Berta, S and Blain, A and Bock, J and Bongiovanni, A and Boselli, A and Buat, V and Burgarella, D and Castro-Rodr{\'\i}guez, N and Cava, A and Cepa, J and Chanial, P and Cimatti, A and Cirasuolo, M and Clements, D L and Conley, A and Conversi, L and Cooray, A and Daddi, E and Dominguez, H and Dowell, C D and Dwek, E and Eales, S and Farrah, D and F{\"o}rster Schreiber, N and Fox, M and Franceschini, A and Gear, W and Genzel, R and Glenn, J and Griffin, M and Gruppioni, C and Halpern, M and Hatziminaoglou, E and Isaak, K and Lagache, G and Levenson, L and Lu, N and Lutz, D and Madden, S and Maffei, B and Magdis, G and Mainetti, G and Maiolino, R and Marchetti, L and Morrison, G E and Mortier, A M J and Nguyen, H T and Nordon, R and O{\textquoteright}Halloran, B and Oliver, S J and Omont, A and Owen, F N and Page, M J and Panuzzo, P and Papageorgiou, A and Pearson, C P and P{\'e}rez-Fournon, I and P{\'e}rez Garc{\'\i}a, A M and Poglitsch, A and Pohlen, M and Popesso, P and Pozzi, F and Rawlings, J I and Raymond, G and Rigopoulou, D and Riguccini, L and Rizzo, D and Rodighiero, G and Roseboom, I G and Rowan-Robinson, M and Saintonge, A and S{\'a}nchez Portal, M and Santini, P and Schulz, B and Scott, D and Seymour, N and Shao, L and Shupe, D L and Smith, A J and Stevens, J A and Sturm, E and Symeonidis, M and Tacconi, L and Trichas, M and Tugwell, K E and Vaccari, M and Valtchanov, I and Vieira, J and Vigroux, L and Wang, L and Ward, R and Wright, G and Xu, C K and Zemcov, M},
	Date-Added = {2014-06-26T13:15:56GMT},
	Date-Modified = {2014-08-28 10:10:23 +0000},
	Doi = {10.1051/0004-6361/201014552},
	Journal = {A{\&}A},
	Month = jul,
	Pages = {L31},
	Rating = {0},
	Title = {{The far-infrared/radio correlation as probed by Herschel}},
	Uri = {\url{papers3://publication/doi/10.1051/0004-6361/201014552}},
	Url = {http://adsabs.harvard.edu/cgi-bin/nph-data_query?bibcode=2010A%26A...518L..31I&link_type=EJOURNAL},
	Volume = {518},
	Year = {2010},
	Bdsk-Url-1 = {http://adsabs.harvard.edu/cgi-bin/nph-data_query?bibcode=2010A%26A...518L..31I&link_type=EJOURNAL},
	Bdsk-Url-2 = {http://dx.doi.org/10.1051/0004-6361/201014552}}

@article{Oliver:2012,
	Author = {Oliver, S J and Bock, J and Altieri, B and Amblard, A and Arumugam, V and Aussel, H and Babbedge, T and Beelen, A and B{\'e}thermin, M and Blain, A and Boselli, A and Bridge, C and Brisbin, D and Buat, V and Burgarella, D and Castro-Rodr{\'\i}guez, N and Cava, A and Chanial, P and Cirasuolo, M and Clements, D L and Conley, A and Conversi, L and Cooray, A and Dowell, C D and Dubois, E N and Dwek, E and Dye, S and Eales, S and Elbaz, D and Farrah, D and Feltre, A and Ferrero, P and Fiolet, N and Fox, M and Franceschini, A and Gear, W and Giovannoli, E and Glenn, J and Gong, Y and Gonz{\'a}lez Solares, E A and Griffin, M and Halpern, M and Harwit, M and Hatziminaoglou, E and Heinis, S and Hurley, P and Hwang, H S and Hyde, A and Ibar, E and Ilbert, O and Isaak, K and Ivison, R J and Lagache, G and Le Floc{\textquoteright}h, E and Levenson, L and Faro, B Lo and Lu, N and Madden, S and Maffei, B and Magdis, G and Mainetti, G and Marchetti, L and Marsden, G and Marshall, J and Mortier, A M J and Nguyen, H T and O{\textquoteright}Halloran, B and Omont, A and Page, M J and Panuzzo, P and Papageorgiou, A and Patel, H and Pearson, C P and P{\'e}rez-Fournon, I and Pohlen, M and Rawlings, J I and Raymond, G and Rigopoulou, D and Riguccini, L and Rizzo, D and Rodighiero, G and Roseboom, I G and Rowan-Robinson, M and S{\'a}nchez Portal, M and Schulz, B and Scott, Douglas and Seymour, N and Shupe, D L and Smith, A J and Stevens, J A and Symeonidis, M and Trichas, M and Tugwell, K E and Vaccari, M and Valtchanov, I and Vieira, J D and Viero, M and Vigroux, L and Wang, L and Ward, R and Wardlow, J and Wright, G and Xu, C K and Zemcov, M},
	Date-Added = {2014-05-09T11:38:22GMT},
	Date-Modified = {2014-08-28 10:10:23 +0000},
	Doi = {10.1111/j.1365-2966.2012.20912.x},
	File = {{2012 Oliver.pdf:/Users/pdh21/Documents/Library.papers3/Articles/2012/Oliver/2012 Oliver.pdf:application/pdf}},
	Journal = {Monthly Notices of the Royal Astronomical Society},
	Language = {English},
	Local-Url = {file://localhost/Users/pdh21/Documents/Library.papers3/Articles/2012/Oliver/2012%20Oliver.pdf},
	Month = jul,
	Number = {3},
	Pages = {1614--1635},
	Rating = {0},
	Read = {Yes},
	Title = {{The HerschelMulti-tiered Extragalactic Survey: HerMES}},
	Uri = {\url{papers3://publication/doi/10.1111/j.1365-2966.2012.20912.x}},
	Url = {http://mnras.oxfordjournals.org/cgi/doi/10.1111/j.1365-2966.2012.20912.x},
	Volume = {424},
	Year = {2012},
	Bdsk-File-1 = {YnBsaXN0MDDUAQIDBAUGJCVYJHZlcnNpb25YJG9iamVjdHNZJGFyY2hpdmVyVCR0b3ASAAGGoKgHCBMUFRYaIVUkbnVsbNMJCgsMDxJXTlMua2V5c1pOUy5vYmplY3RzViRjbGFzc6INDoACgAOiEBGABIAFgAdccmVsYXRpdmVQYXRoWWFsaWFzRGF0YV8QRy4uLy4uLy4uL0RvY3VtZW50cy9MaWJyYXJ5LnBhcGVyczMvQXJ0aWNsZXMvMjAxMi9PbGl2ZXIvMjAxMiBPbGl2ZXIucGRm0hcLGBlXTlMuZGF0YU8RAdoAAAAAAdoAAgAADE1hY2ludG9zaCBIRAAAAAAAAAAAAAAAAAAAAM6Xq8NIKwAAABnFoQ8yMDEyIE9saXZlci5wZGYAAAAAAAAAAAAAAAAAAAAAAAAAAAAAAAAAAAAAAAAAAAAAAAAAAAAAAAAAAAAAAAAAGa84zzUFcgAAAAAAAAAAAAMABgAACSAAAAAAAAAAAAAAAAAAAAAGT2xpdmVyABAACAAAzperwwAAABEACAAAzzUFcgAAAAEAHAAZxaEAGYvdABmL3AAZeooACpLpAAotuwACZI4AAgBeTWFjaW50b3NoIEhEOlVzZXJzOgBwZGgyMToARG9jdW1lbnRzOgBMaWJyYXJ5LnBhcGVyczM6AEFydGljbGVzOgAyMDEyOgBPbGl2ZXI6ADIwMTIgT2xpdmVyLnBkZgAOACAADwAyADAAMQAyACAATwBsAGkAdgBlAHIALgBwAGQAZgAPABoADABNAGEAYwBpAG4AdABvAHMAaAAgAEgARAASAEpVc2Vycy9wZGgyMS9Eb2N1bWVudHMvTGlicmFyeS5wYXBlcnMzL0FydGljbGVzLzIwMTIvT2xpdmVyLzIwMTIgT2xpdmVyLnBkZgATAAEvAAAVAAIADP//AACABtIbHB0eWiRjbGFzc25hbWVYJGNsYXNzZXNdTlNNdXRhYmxlRGF0YaMdHyBWTlNEYXRhWE5TT2JqZWN00hscIiNcTlNEaWN0aW9uYXJ5oiIgXxAPTlNLZXllZEFyY2hpdmVy0SYnVHJvb3SAAQAIABEAGgAjAC0AMgA3AEAARgBNAFUAYABnAGoAbABuAHEAcwB1AHcAhACOANgA3QDlAsMCxQLKAtUC3gLsAvAC9wMAAwUDEgMVAycDKgMvAAAAAAAAAgEAAAAAAAAAKAAAAAAAAAAAAAAAAAAAAzE=},
	Bdsk-Url-1 = {http://mnras.oxfordjournals.org/cgi/doi/10.1111/j.1365-2966.2012.20912.x},
	Bdsk-Url-2 = {http://dx.doi.org/10.1111/j.1365-2966.2012.20912.x}}

@article{McCracken:2013,
	Abstract = {Large samples of distant galaxies covering degree-scale areas are an unparalleled source of information concerning the first sources that ionised the Universe and the origin of cosmic structures. The UltraVISTA public survey, using the unique capabilities of the VISTA telescope, aims to assemble a unique sample of remote, very high-redshift galaxies. The characteristics of the first UltraVISTA data release (DR1) and the upcoming DR2 data products are described. The DR1 data, comprising just a few months of observing time, already equals or exceeds in depth all previous wide-field near-infrared images taken on the COSMOS field in the last decade. The first scientific results from UltraVISTA are presented, including new measurements of the high redshift (z {\textasciitilde} 7) galaxy luminosity function and an accurate determination of the type-dependent galaxy stellar mass function from z {\textasciitilde} 0 to z {\textasciitilde} 4. DR2 will reach one to two magnitudes deeper in all bands and provide our clearest picture of the structure and composition of the Universe at high redshifts.},
	Affiliation = {Institut d'Astrophysique de Paris, UMR7095 CNRS, Universit{\'e} Pierre et Marie Curie, Paris, France) AB(Dark Cosmology Centre, Niels Bohr Institute, University of Copenhagen, Denmark) AC(SUPA, Institute for Astronomy, University of Edinburgh, Royal Observatory, Edinburgh, United Kingdom) AD(Leiden Observatory, Leiden University, the Netherlands) AE(Dark Cosmology Centre, Niels Bohr Institute, University of Copenhagen, Denmark) AF(Laboratoire d'Astrophysique de Marseille, Aix-Marseille Universit{\'e}, France) AG(Leiden Observatory, Leiden University, the Netherlands) AH(SUPA, Institute for Astronomy, University of Edinburgh, Royal Observatory, Edinburgh, United Kingdom; Kapteyn Astronomical Institute, University of Groningen, the Netherlands) AI(Institut d'Astrophysique de Paris, UMR7095 CNRS, Universit{\'e} Pierre et Marie Curie, Paris, France) AJ(SUPA, Institute for Astronomy, University of Edinburgh, Royal Observatory, Edinburgh, United Kingdom) AK(Astronomy Unit, School of Physics and Astronomy, Queen Mary University of London, United Kingdom) AL(ESO) AM(Institut d'Astrophysique de Paris, UMR7095 CNRS, Universit{\'e} Pierre et Marie Curie, Paris, France) AN(Institut d'Astrophysique de Paris, UMR7095 CNRS, Universit{\'e} Pierre et Marie Curie, Paris, France) AO(Laboratoire d'Astrophysique de Marseille, Aix-Marseille Universit{\'e}, France) AP(Institut d'Astrophysique de Paris, UMR7095 CNRS, Universit{\'e} Pierre et Marie Curie, Paris, France) AQ(Leiden Observatory, Leiden University, the Netherlands) AR(Institut d'Astrophysique de Paris, UMR7095 CNRS, Universit{\'e} Pierre et Marie Curie, Paris, France) AS(ESO) AT(Dark Cosmology Centre, Niels Bohr Institute, University of Copenhagen, Denmark) AU(Astronomy Unit, School of Physics and Astronomy, Queen Mary University of London, United Kingdom) AV(Laboratoire d'Astrophysique de Marseille, Aix-Marseille Universit{\'e}, France) AW(Dark Cosmology Centre, Niels Bohr Institute, University of Copenhagen, Denmark},
	Author = {McCracken, H J and Milvang-Jensen, B and Dunlop, J and Franx, M and Fynbo, J P U and Le F{\`e}vre, O and Holt, J and Caputi, K I and Goranova, Y and Buitrago, F and Emerson, J and Freudling, W and Herent, O and Hudelot, P and L{\'o}pez-Sanjuan, C and Magnard, F and Muzzin, A and Mellier, Y and M{\o}ller, P and Nilsson, K K and Sutherland, W and Tasca, L and Zabl, J},
	Date-Added = {2014-06-26T14:11:27GMT},
	Date-Modified = {2014-08-28 10:10:23 +0000},
	Journal = {The Messenger},
	Month = dec,
	Pages = {29--31},
	Rating = {0},
	Title = {{UltraVISTA: A VISTA Public Survey of the Distant Universe}},
	Uri = {\url{papers3://publication/uuid/6B24FD4A-FEA5-410C-8955-CE11AD55E6E7}},
	Url = {http://adsabs.harvard.edu/abs/2013Msngr.154...29M},
	Volume = {154},
	Year = {2013},
	Bdsk-Url-1 = {http://adsabs.harvard.edu/abs/2013Msngr.154...29M}}

@article{Chapin:2011,
	Abstract = {We present a joint analysis of the overlapping Balloon-borne Large Aperture Submillimetre Telescope (BLAST) 250, 350, 500 $\mu$m, and LABOCA 870 $\mu$m observations [from the LABOCA ECDFS Submm Survey (LESS) survey] of the Extended Chandra Deep Field-South. Out to z{\~{ }} 3, the BLAST filters sample near the peak wavelength of thermal far-infrared (FIR) emission from galaxies (rest-frame wavelengths {\~{ }}60-200 $\mu$m), primarily produced by dust heated through absorption in star-forming clouds. However, identifying counterparts to individual BLAST peaks is very challenging, given the large beams [full-width at half-maximum (FWHM) 36-60 arcsec]. In contrast, the ground-based 870 $\mu$m observations have a significantly smaller 19 arcsec FWHM beam, and are sensitive to higher redshifts (z{\~{ }} 1-5, and potentially beyond) due to the more favourable negative K-correction. We use the LESS data, as well as deep Spitzer and VLA imaging, to identify 118 individual sources that produce significant emission in the BLAST bands. We characterize the temperatures and FIR luminosities for a subset of 69 sources which have well-measured submillimetre (submm) spectral energy distributions (SEDs) and redshift measurements out to z{\~{ }} 3. For flux-limited sub-samples in each BLAST band, and a dust emissivity index $\beta$= 2.0, we find a median temperature T= 30 K (all bands) as well as median redshifts: z= 1.1 (interquartile range 0.2-1.9) for S250 > 40 mJy; z= 1.3 (interquartile range 0.6-2.1) for S350 > 30 mJy; and z= 1.6 (interquartile range 1.3-2.3) for S500 > 20 mJy. Taking into account the selection effects for our survey (a bias towards detecting lower-temperature galaxies), we find no evidence for evolution in the local FIR-temperature correlation out to z{\~{ }} 2.5. Comparing with star-forming galaxy SED templates, about 8 per cent of our sample appears to exhibit significant excesses in the radio and/or mid-IR, consistent with those sources harbouring active galactic nuclei (AGN). Since our statistical approach differs from most previous studies of submm galaxies, we describe the following techniques in two appendices: our {\textquoteleft}matched filter' for identifying sources in the presence of point-source confusion; and our approach for identifying counterparts using likelihood ratios. This study is a direct precursor to future joint FIR/submm surveys, for which we outline a potential identification and SED measurement strategy.},
	Affiliation = {Department of Physics and Astronomy, University of British Columbia, 6224 Agricultural Road, Vancouver, BC V6T 1Z1, Canada},
	Author = {Chapin, Edward L and Chapman, Scott C and Coppin, Kristen E and Devlin, Mark J and Dunlop, James S and Greve, Thomas R and Halpern, Mark and Hasselfield, Matthew F and Hughes, David H and Ivison, Rob J and Marsden, Gaelen and Moncelsi, Lorenzo and Netterfield, Calvin B and Pascale, Enzo and Scott, Douglas and Smail, Ian and Viero, Marco and Walter, Fabian and Weiss, Axel and van der Werf, Paul},
	Date-Added = {2014-06-26T11:55:31GMT},
	Date-Modified = {2014-08-28 10:10:23 +0000},
	Doi = {10.1111/j.1365-2966.2010.17697.x},
	File = {{Monthly Notices of the Royal Astronomical Society 2011 Chapin.pdf:/Users/pdh21/Documents/Library.papers3/Articles/2011/Chapin/Monthly Notices of the Royal Astronomical Society 2011 Chapin.pdf:application/pdf}},
	Journal = {Monthly Notices of the Royal Astronomical Society},
	Language = {English},
	Local-Url = {file://localhost/Users/pdh21/Documents/Library.papers3/Articles/2011/Chapin/Monthly%20Notices%20of%20the%20Royal%20Astronomical%20Society%202011%20Chapin.pdf},
	Month = feb,
	Number = {1},
	Pages = {505--549},
	Publisher = {Oxford University Press},
	Rating = {0},
	Title = {{A joint analysis of BLAST 250-500 $\mu$m and LABOCA 870 $\mu$m observations in the Extended Chandra Deep Field-South}},
	Uri = {\url{papers3://publication/doi/10.1111/j.1365-2966.2010.17697.x}},
	Url = {http://adsabs.harvard.edu/cgi-bin/nph-data_query?bibcode=2011MNRAS.411..505C&link_type=EJOURNAL},
	Volume = {411},
	Year = {2011},
	Bdsk-File-1 = {YnBsaXN0MDDUAQIDBAUGJCVYJHZlcnNpb25YJG9iamVjdHNZJGFyY2hpdmVyVCR0b3ASAAGGoKgHCBMUFRYaIVUkbnVsbNMJCgsMDxJXTlMua2V5c1pOUy5vYmplY3RzViRjbGFzc6INDoACgAOiEBGABIAFgAdccmVsYXRpdmVQYXRoWWFsaWFzRGF0YV8QeS4uLy4uLy4uL0RvY3VtZW50cy9MaWJyYXJ5LnBhcGVyczMvQXJ0aWNsZXMvMjAxMS9DaGFwaW4vTW9udGhseSBOb3RpY2VzIG9mIHRoZSBSb3lhbCBBc3Ryb25vbWljYWwgU29jaWV0eSAyMDExIENoYXBpbi5wZGbSFwsYGVdOUy5kYXRhTxECgAAAAAACgAACAAAMTWFjaW50b3NoIEhEAAAAAAAAAAAAAAAAAAAAzperw0grAAAAOumkH01vbnRobHkgTm90aWNlcyBvZiB0IzNBRUQ4OC5wZGYAAAAAAAAAAAAAAAAAAAAAAAAAAAAAAAAAAAAAAAAAAAA67YjP0cw4AAAAAAAAAAAAAwAGAAAJIAAAAAAAAAAAAAAAAAAAAAZDaGFwaW4AEAAIAADOl6vDAAAAEQAIAADP0b4oAAAAAQAcADrppAAZjNoAGYvcABl6igAKkukACi27AAJkjgACAG5NYWNpbnRvc2ggSEQ6VXNlcnM6AHBkaDIxOgBEb2N1bWVudHM6AExpYnJhcnkucGFwZXJzMzoAQXJ0aWNsZXM6ADIwMTE6AENoYXBpbjoATW9udGhseSBOb3RpY2VzIG9mIHQjM0FFRDg4LnBkZgAOAIQAQQBNAG8AbgB0AGgAbAB5ACAATgBvAHQAaQBjAGUAcwAgAG8AZgAgAHQAaABlACAAUgBvAHkAYQBsACAAQQBzAHQAcgBvAG4AbwBtAGkAYwBhAGwAIABTAG8AYwBpAGUAdAB5ACAAMgAwADEAMQAgAEMAaABhAHAAaQBuAC4AcABkAGYADwAaAAwATQBhAGMAaQBuAHQAbwBzAGgAIABIAEQAEgB8VXNlcnMvcGRoMjEvRG9jdW1lbnRzL0xpYnJhcnkucGFwZXJzMy9BcnRpY2xlcy8yMDExL0NoYXBpbi9Nb250aGx5IE5vdGljZXMgb2YgdGhlIFJveWFsIEFzdHJvbm9taWNhbCBTb2NpZXR5IDIwMTEgQ2hhcGluLnBkZgATAAEvAAAVAAIADP//AACABtIbHB0eWiRjbGFzc25hbWVYJGNsYXNzZXNdTlNNdXRhYmxlRGF0YaMdHyBWTlNEYXRhWE5TT2JqZWN00hscIiNcTlNEaWN0aW9uYXJ5oiIgXxAPTlNLZXllZEFyY2hpdmVy0SYnVHJvb3SAAQAIABEAGgAjAC0AMgA3AEAARgBNAFUAYABnAGoAbABuAHEAcwB1AHcAhACOAQoBDwEXA5sDnQOiA60DtgPEA8gDzwPYA90D6gPtA/8EAgQHAAAAAAAAAgEAAAAAAAAAKAAAAAAAAAAAAAAAAAAABAk=},
	Bdsk-Url-1 = {http://adsabs.harvard.edu/cgi-bin/nph-data_query?bibcode=2011MNRAS.411..505C&link_type=EJOURNAL},
	Bdsk-Url-2 = {http://dx.doi.org/10.1111/j.1365-2966.2010.17697.x}}

@article{Marsden:2009,
	Abstract = {The Balloon-borne Large Aperture Submillimeter Telescope (BLAST) has made 1 deg2, deep, confusion-limited maps at three different bands, centered on the Great Observatories Origins Deep Survey South Field. By calculating the covariance of these maps with catalogs of 24 $\mu$m sources from the Far-Infrared Deep Extragalactic Legacy Survey, we have determined that the total submillimeter intensities are 8.60 {\textpm} 0.59, 4.93 {\textpm} 0.34, and 2.27 {\textpm} 0.20 nW m-2 sr-1 at 250, 350, and 500 $\mu$m, respectively. These numbers are more precise than previous estimates of the cosmic infrared background (CIB) and are consistent with 24 $\mu$m-selected galaxies generating the full intensity of the CIB. We find that the fraction of the CIB that originates from sources at z >= 1.2 increases with wavelength, with 60% from high-redshift sources at 500 $\mu$m. At all BLAST wavelengths, the relative intensity of high-z sources is higher for 24 $\mu$m-faint sources than that for 24 $\mu$m-bright sources. Galaxies identified as active galactic nuclei (AGNs) by their Infrared Array Camera colors are 1.6-2.6 times brighter than the average population at 250-500 $\mu$m, consistent with what is found for X-ray-selected AGNs. BzK-selected galaxies are found to be moderately brighter than typical 24 $\mu$m-selected galaxies in the BLAST bands. These data provide high-precision constraints for models of the evolution of the number density and intensity of star-forming galaxies at high redshift.},
	Affiliation = {Department of Physics and Astronomy, University of British Columbia, 6224 Agricultural Road, Vancouver, BC V6T 1Z1, Canada gmarsden@phas.ubc.ca},
	Author = {Marsden, Gaelen and Ade, Peter A R and Bock, James J and Chapin, Edward L and Devlin, Mark J and Dicker, Simon R and Griffin, Matthew and Gundersen, Joshua O and Halpern, Mark and Hargrave, Peter C and Hughes, David H and Klein, Jeff and Mauskopf, Philip and Magnelli, Benjamin and Moncelsi, Lorenzo and Netterfield, Calvin B and Ngo, Henry and Olmi, Luca and Pascale, Enzo and Patanchon, Guillaume and Rex, Marie and Scott, Douglas and Semisch, Christopher and Thomas, Nicholas and Truch, Matthew D P and Tucker, Carole and Tucker, Gregory S and Viero, Marco P and Wiebe, Donald V},
	Date-Added = {2014-06-26T12:12:42GMT},
	Date-Modified = {2014-08-28 10:10:23 +0000},
	Doi = {10.1088/0004-637X/707/2/1729},
	File = {{ApJ 2009 Marsden.pdf:/Users/pdh21/Documents/Library.papers3/Articles/2009/Marsden/ApJ 2009 Marsden.pdf:application/pdf;ApJ 2009 Marsden.pdf:/Users/pdh21/Documents/Library.papers3/Articles/2009/Marsden/ApJ 2009 Marsden.pdf:application/pdf}},
	Journal = {ApJ},
	Language = {English},
	Local-Url = {file://localhost/Users/pdh21/Documents/Library.papers3/Articles/2009/Marsden/ApJ%202009%20Marsden.pdf},
	Month = dec,
	Number = {2},
	Pages = {1729--1739},
	Publisher = {IOP Publishing},
	Rating = {0},
	Read = {Yes},
	Title = {{BLAST: Resolving the Cosmic Submillimeter Background}},
	Uri = {\url{papers3://publication/doi/10.1088/0004-637X/707/2/1729}},
	Url = {http://adsabs.harvard.edu/cgi-bin/nph-data_query?bibcode=2009ApJ...707.1729M&link_type=EJOURNAL},
	Volume = {707},
	Year = {2009},
	Bdsk-File-1 = {YnBsaXN0MDDUAQIDBAUGJCVYJHZlcnNpb25YJG9iamVjdHNZJGFyY2hpdmVyVCR0b3ASAAGGoKgHCBMUFRYaIVUkbnVsbNMJCgsMDxJXTlMua2V5c1pOUy5vYmplY3RzViRjbGFzc6INDoACgAOiEBGABIAFgAdccmVsYXRpdmVQYXRoWWFsaWFzRGF0YV8QTS4uLy4uLy4uL0RvY3VtZW50cy9MaWJyYXJ5LnBhcGVyczMvQXJ0aWNsZXMvMjAwOS9NYXJzZGVuL0FwSiAyMDA5IE1hcnNkZW4ucGRm0hcLGBlXTlMuZGF0YU8RAfIAAAAAAfIAAgAADE1hY2ludG9zaCBIRAAAAAAAAAAAAAAAAAAAAM6Xq8NIKwAAADruMxRBcEogMjAwOSBNYXJzZGVuLnBkZgAAAAAAAAAAAAAAAAAAAAAAAAAAAAAAAAAAAAAAAAAAAAAAAAAAAAAAAAAAOu5Jz9HMywAAAAAAAAAAAAMABgAACSAAAAAAAAAAAAAAAAAAAAAHTWFyc2RlbgAAEAAIAADOl6vDAAAAEQAIAADP0b67AAAAAQAcADruMwAZjI0AGYvcABl6igAKkukACi27AAJkjgACAGRNYWNpbnRvc2ggSEQ6VXNlcnM6AHBkaDIxOgBEb2N1bWVudHM6AExpYnJhcnkucGFwZXJzMzoAQXJ0aWNsZXM6ADIwMDk6AE1hcnNkZW46AEFwSiAyMDA5IE1hcnNkZW4ucGRmAA4AKgAUAEEAcABKACAAMgAwADAAOQAgAE0AYQByAHMAZABlAG4ALgBwAGQAZgAPABoADABNAGEAYwBpAG4AdABvAHMAaAAgAEgARAASAFBVc2Vycy9wZGgyMS9Eb2N1bWVudHMvTGlicmFyeS5wYXBlcnMzL0FydGljbGVzLzIwMDkvTWFyc2Rlbi9BcEogMjAwOSBNYXJzZGVuLnBkZgATAAEvAAAVAAIADP//AACABtIbHB0eWiRjbGFzc25hbWVYJGNsYXNzZXNdTlNNdXRhYmxlRGF0YaMdHyBWTlNEYXRhWE5TT2JqZWN00hscIiNcTlNEaWN0aW9uYXJ5oiIgXxAPTlNLZXllZEFyY2hpdmVy0SYnVHJvb3SAAQAIABEAGgAjAC0AMgA3AEAARgBNAFUAYABnAGoAbABuAHEAcwB1AHcAhACOAN4A4wDrAuEC4wLoAvMC/AMKAw4DFQMeAyMDMAMzA0UDSANNAAAAAAAAAgEAAAAAAAAAKAAAAAAAAAAAAAAAAAAAA08=},
	Bdsk-Url-1 = {http://adsabs.harvard.edu/cgi-bin/nph-data_query?bibcode=2009ApJ...707.1729M&link_type=EJOURNAL},
	Bdsk-Url-2 = {http://dx.doi.org/10.1088/0004-637X/707/2/1729}}

@article{Pascale:2009,
	Abstract = {We directly measure redshift evolution in the mean physical properties (far-infrared luminosity, temperature, and mass) of the galaxies that produce the cosmic infrared background (CIB), using measurements from the Balloon-borne Large Aperture Submillimeter Telescope (BLAST), and Spitzer which constrain the CIB emission peak. This sample is known to produce a surface brightness in the BLAST bands consistent with the full CIB, and photometric redshifts are identified for all of the objects. We find that most of the 70 $\mu$m background is generated at z lsim 1 and the 500 $\mu$m background generated at z gsim 1. A significant growth is observed in the mean luminosity from {\textasciitilde}109-1012 L sun, and in the mean temperature by 10 K, from redshifts 0 < z < 3. However, there is only weak positive evolution in the comoving dust mass in these galaxies across the same redshift range. We also measure the evolution of the far-infrared luminosity density, and the star formation rate history for these objects, finding good agreement with other infrared studies up to z {\textasciitilde} 1, exceeding the contribution attributed to optically selected galaxies.},
	Affiliation = {School of Physics and Astronomy, Cardiff University, 5 The Parade, Cardiff, CF24 3AA, UK enzo.pascale@astro.cf.ac.uk},
	Author = {Pascale, Enzo and Ade, Peter A R and Bock, James J and Chapin, Edward L and Devlin, Mark J and Dye, Simon and Eales, Steve A and Griffin, Matthew and Gundersen, Joshua O and Halpern, Mark and Hargrave, Peter C and Hughes, David H and Klein, Jeff and Marsden, Gaelen and Mauskopf, Philip and Moncelsi, Lorenzo and Ngo, Henry and Netterfield, Calvin B and Olmi, Luca and Patanchon, Guillaume and Rex, Marie and Scott, Douglas and Semisch, Christopher and Thomas, Nicholas and Truch, Matthew D P and Tucker, Carole and Tucker, Gregory S and Viero, Marco P and Wiebe, Donald V},
	Date-Added = {2014-06-26T12:14:01GMT},
	Date-Modified = {2014-08-28 10:10:23 +0000},
	Doi = {10.1088/0004-637X/707/2/1740},
	File = {{ApJ 2009 Pascale.pdf:/Users/pdh21/Documents/Library.papers3/Articles/2009/Pascale/ApJ 2009 Pascale.pdf:application/pdf}},
	Journal = {ApJ},
	Language = {English},
	Local-Url = {file://localhost/Users/pdh21/Documents/Library.papers3/Articles/2009/Pascale/ApJ%202009%20Pascale.pdf},
	Month = dec,
	Number = {2},
	Pages = {1740--1749},
	Publisher = {IOP Publishing},
	Rating = {0},
	Title = {{BLAST: A Far-Infrared Measurement of the History of Star Formation}},
	Uri = {\url{papers3://publication/doi/10.1088/0004-637X/707/2/1740}},
	Url = {http://adsabs.harvard.edu/cgi-bin/nph-data_query?bibcode=2009ApJ...707.1740P&link_type=EJOURNAL},
	Volume = {707},
	Year = {2009},
	Bdsk-File-1 = {YnBsaXN0MDDUAQIDBAUGJCVYJHZlcnNpb25YJG9iamVjdHNZJGFyY2hpdmVyVCR0b3ASAAGGoKgHCBMUFRYaIVUkbnVsbNMJCgsMDxJXTlMua2V5c1pOUy5vYmplY3RzViRjbGFzc6INDoACgAOiEBGABIAFgAdccmVsYXRpdmVQYXRoWWFsaWFzRGF0YV8QTS4uLy4uLy4uL0RvY3VtZW50cy9MaWJyYXJ5LnBhcGVyczMvQXJ0aWNsZXMvMjAwOS9QYXNjYWxlL0FwSiAyMDA5IFBhc2NhbGUucGRm0hcLGBlXTlMuZGF0YU8RAfIAAAAAAfIAAgAADE1hY2ludG9zaCBIRAAAAAAAAAAAAAAAAAAAAM6Xq8NIKwAAADru2BRBcEogMjAwOSBQYXNjYWxlLnBkZgAAAAAAAAAAAAAAAAAAAAAAAAAAAAAAAAAAAAAAAAAAAAAAAAAAAAAAAAAAOu7wz9HNGgAAAAAAAAAAAAMABgAACSAAAAAAAAAAAAAAAAAAAAAHUGFzY2FsZQAAEAAIAADOl6vDAAAAEQAIAADP0b8KAAAAAQAcADru2AAZjI0AGYvcABl6igAKkukACi27AAJkjgACAGRNYWNpbnRvc2ggSEQ6VXNlcnM6AHBkaDIxOgBEb2N1bWVudHM6AExpYnJhcnkucGFwZXJzMzoAQXJ0aWNsZXM6ADIwMDk6AFBhc2NhbGU6AEFwSiAyMDA5IFBhc2NhbGUucGRmAA4AKgAUAEEAcABKACAAMgAwADAAOQAgAFAAYQBzAGMAYQBsAGUALgBwAGQAZgAPABoADABNAGEAYwBpAG4AdABvAHMAaAAgAEgARAASAFBVc2Vycy9wZGgyMS9Eb2N1bWVudHMvTGlicmFyeS5wYXBlcnMzL0FydGljbGVzLzIwMDkvUGFzY2FsZS9BcEogMjAwOSBQYXNjYWxlLnBkZgATAAEvAAAVAAIADP//AACABtIbHB0eWiRjbGFzc25hbWVYJGNsYXNzZXNdTlNNdXRhYmxlRGF0YaMdHyBWTlNEYXRhWE5TT2JqZWN00hscIiNcTlNEaWN0aW9uYXJ5oiIgXxAPTlNLZXllZEFyY2hpdmVy0SYnVHJvb3SAAQAIABEAGgAjAC0AMgA3AEAARgBNAFUAYABnAGoAbABuAHEAcwB1AHcAhACOAN4A4wDrAuEC4wLoAvMC/AMKAw4DFQMeAyMDMAMzA0UDSANNAAAAAAAAAgEAAAAAAAAAKAAAAAAAAAAAAAAAAAAAA08=},
	Bdsk-Url-1 = {http://adsabs.harvard.edu/cgi-bin/nph-data_query?bibcode=2009ApJ...707.1740P&link_type=EJOURNAL},
	Bdsk-Url-2 = {http://dx.doi.org/10.1088/0004-637X/707/2/1740}}

@article{Roseboom:2011,
	Author = {Roseboom, I G and Ivison, R J and Greve, T R and Amblard, A and Arumugam, V and Auld, R and Aussel, H and B{\'e}thermin, M and Blain, A and Bock, J and Boselli, A and Brisbin, D and Buat, V and Burgarella, D and Castro-Rodr{\'\i}guez, N and Cava, A and Chanial, P and Chapin, E and Chapman, S and Clements, D L and Conley, A and Conversi, L and Cooray, A and Dowell, C D and Dunlop, J S and Dwek, E and Eales, S and Elbaz, D and Farrah, D and Franceschini, A and Glenn, J and Griffin, M and Halpern, M and Hatziminaoglou, E and Ibar, E and Isaak, K and Lagache, G and Levenson, L and Lu, N and Madden, S and Maffei, B and Mainetti, G and Marchetti, L and Marsden, G and Morrison, G and Mortier, A M J and Nguyen, H T and O{\textquoteright}Halloran, B and Oliver, S J and Omont, A and Page, M J and Panuzzo, P and Papageorgiou, A and Pearson, C P and P{\'e}rez-Fournon, I and Pohlen, M and Rawlings, J I and Raymond, G and Rigopoulou, D and Rizzo, D and Rodighiero, G and Rowan-Robinson, M and Schulz, B and Scott, Douglas and Seymour, N and Shupe, D L and Smith, A J and Stevens, J A and Symeonidis, M and Trichas, M and Tugwell, K E and Vaccari, M and Valtchanov, I and Vieira, J D and Viero, M P and Vigroux, L and Wardlow, J and Wang, L and Wright, G and Xu, C K and Zemcov, M},
	Date-Added = {2014-05-09T11:37:52GMT},
	Date-Modified = {2014-08-28 10:10:23 +0000},
	Doi = {10.1111/j.1365-2966.2011.19827.x},
	File = {{Monthly Notices of the Royal Astronomical Society 2011 Roseboom.pdf:/Users/pdh21/Documents/Library.papers3/Articles/2011/Roseboom/Monthly Notices of the Royal Astronomical Society 2011 Roseboom.pdf:application/pdf}},
	Journal = {Monthly Notices of the Royal Astronomical Society},
	Language = {English},
	Local-Url = {file://localhost/Users/pdh21/Documents/Library.papers3/Articles/2011/Roseboom/Monthly%20Notices%20of%20the%20Royal%20Astronomical%20Society%202011%20Roseboom.pdf},
	Month = dec,
	Number = {4},
	Pages = {2758--2773},
	Rating = {0},
	Read = {Yes},
	Title = {{The Herschel Multi-tiered Extragalactic Survey: SPIRE-mm photometric redshifts}},
	Uri = {\url{papers3://publication/doi/10.1111/j.1365-2966.2011.19827.x}},
	Url = {http://mnras.oxfordjournals.org/cgi/doi/10.1111/j.1365-2966.2011.19827.x},
	Volume = {419},
	Year = {2011},
	Bdsk-File-1 = {YnBsaXN0MDDUAQIDBAUGJCVYJHZlcnNpb25YJG9iamVjdHNZJGFyY2hpdmVyVCR0b3ASAAGGoKgHCBMUFRYaIVUkbnVsbNMJCgsMDxJXTlMua2V5c1pOUy5vYmplY3RzViRjbGFzc6INDoACgAOiEBGABIAFgAdccmVsYXRpdmVQYXRoWWFsaWFzRGF0YV8QfS4uLy4uLy4uL0RvY3VtZW50cy9MaWJyYXJ5LnBhcGVyczMvQXJ0aWNsZXMvMjAxMS9Sb3NlYm9vbS9Nb250aGx5IE5vdGljZXMgb2YgdGhlIFJveWFsIEFzdHJvbm9taWNhbCBTb2NpZXR5IDIwMTEgUm9zZWJvb20ucGRm0hcLGBlXTlMuZGF0YU8RAowAAAAAAowAAgAADE1hY2ludG9zaCBIRAAAAAAAAAAAAAAAAAAAAM6Xq8NIKwAAABmxux9Nb250aGx5IE5vdGljZXMgb2YgdCMxOTk4MzgucGRmAAAAAAAAAAAAAAAAAAAAAAAAAAAAAAAAAAAAAAAAAAAAGZg4z18h9gAAAAAAAAAAAAMABgAACSAAAAAAAAAAAAAAAAAAAAAIUm9zZWJvb20AEAAIAADOl6vDAAAAEQAIAADPXxPmAAAAAQAcABmxuwAZjNoAGYvcABl6igAKkukACi27AAJkjgACAHBNYWNpbnRvc2ggSEQ6VXNlcnM6AHBkaDIxOgBEb2N1bWVudHM6AExpYnJhcnkucGFwZXJzMzoAQXJ0aWNsZXM6ADIwMTE6AFJvc2Vib29tOgBNb250aGx5IE5vdGljZXMgb2YgdCMxOTk4MzgucGRmAA4AiABDAE0AbwBuAHQAaABsAHkAIABOAG8AdABpAGMAZQBzACAAbwBmACAAdABoAGUAIABSAG8AeQBhAGwAIABBAHMAdAByAG8AbgBvAG0AaQBjAGEAbAAgAFMAbwBjAGkAZQB0AHkAIAAyADAAMQAxACAAUgBvAHMAZQBiAG8AbwBtAC4AcABkAGYADwAaAAwATQBhAGMAaQBuAHQAbwBzAGgAIABIAEQAEgCAVXNlcnMvcGRoMjEvRG9jdW1lbnRzL0xpYnJhcnkucGFwZXJzMy9BcnRpY2xlcy8yMDExL1Jvc2Vib29tL01vbnRobHkgTm90aWNlcyBvZiB0aGUgUm95YWwgQXN0cm9ub21pY2FsIFNvY2lldHkgMjAxMSBSb3NlYm9vbS5wZGYAEwABLwAAFQACAAz//wAAgAbSGxwdHlokY2xhc3NuYW1lWCRjbGFzc2VzXU5TTXV0YWJsZURhdGGjHR8gVk5TRGF0YVhOU09iamVjdNIbHCIjXE5TRGljdGlvbmFyeaIiIF8QD05TS2V5ZWRBcmNoaXZlctEmJ1Ryb290gAEACAARABoAIwAtADIANwBAAEYATQBVAGAAZwBqAGwAbgBxAHMAdQB3AIQAjgEOARMBGwOrA60DsgO9A8YD1APYA98D6APtA/oD/QQPBBIEFwAAAAAAAAIBAAAAAAAAACgAAAAAAAAAAAAAAAAAAAQZ},
	Bdsk-Url-1 = {http://mnras.oxfordjournals.org/cgi/doi/10.1111/j.1365-2966.2011.19827.x},
	Bdsk-Url-2 = {http://dx.doi.org/10.1111/j.1365-2966.2011.19827.x}}

@article{Elbaz:2010,
	Author = {Elbaz, D and Hwang, H S and Magnelli, B and Daddi, E and Aussel, H and Altieri, B and Amblard, A and Andreani, P and Arumugam, V and Auld, R and Babbedge, T and Berta, S and Blain, A and Bock, J and Bongiovanni, A and Boselli, A and Buat, V and Burgarella, D and Castro-Rodr{\'\i}guez, N and Cava, A and Cepa, J and Chanial, P and Chary, R R and Cimatti, A and Clements, D L and Conley, A and Conversi, L and Cooray, A and Dickinson, M and Dominguez, H and Dowell, C D and Dunlop, J S and Dwek, E and Eales, S and Farrah, D and F{\"o}rster Schreiber, N and Fox, M and Franceschini, A and Gear, W and Genzel, R and Glenn, J and Griffin, M and Gruppioni, C and Halpern, M and Hatziminaoglou, E and Ibar, E and Isaak, K and Ivison, R J and Lagache, G and Le Borgne, D and Le Floc{\textquoteright}h, E and Levenson, L and Lu, N and Lutz, D and Madden, S and Maffei, B and Magdis, G and Mainetti, G and Maiolino, R and Marchetti, L and Mortier, A M J and Nguyen, H T and Nordon, R and O{\textquoteright}Halloran, B and Okumura, K and Oliver, S J and Omont, A and Page, M J and Panuzzo, P and Papageorgiou, A and Pearson, C P and P{\'e}rez-Fournon, I and P{\'e}rez Garc{\'\i}a, A M and Poglitsch, A and Pohlen, M and Popesso, P and Pozzi, F and Rawlings, J I and Rigopoulou, D and Riguccini, L and Rizzo, D and Rodighiero, G and Roseboom, I G and Rowan-Robinson, M and Saintonge, A and S{\'a}nchez Portal, M and Santini, P and Sauvage, M and Schulz, B and Scott, D and Seymour, N and Shao, L and Shupe, D L and Smith, A J and Stevens, J A and Sturm, E and Symeonidis, M and Tacconi, L and Trichas, M and Tugwell, K E and Vaccari, M and Valtchanov, I and Vieira, J and Vigroux, L and Wang, L and Ward, R and Wright, G and Xu, C K and Zemcov, M},
	Date-Added = {2014-05-09T11:37:59GMT},
	Date-Modified = {2014-08-28 10:10:23 +0000},
	Doi = {10.1051/0004-6361/201014687},
	File = {{A&A 2010 Elbaz.pdf:/Users/pdh21/Documents/Library.papers3/Articles/2010/Elbaz/A&A 2010 Elbaz.pdf:application/pdf}},
	Journal = {A{\&}A},
	Local-Url = {file://localhost/Users/pdh21/Documents/Library.papers3/Articles/2010/Elbaz/A&A%202010%20Elbaz.pdf},
	Month = jul,
	Pages = {L29},
	Rating = {0},
	Title = {{Herschelunveils a puzzling uniformity of distant dusty galaxies}},
	Uri = {\url{papers3://publication/doi/10.1051/0004-6361/201014687}},
	Url = {http://www.aanda.org/10.1051/0004-6361/201014687},
	Volume = {518},
	Year = {2010},
	Bdsk-File-1 = {YnBsaXN0MDDUAQIDBAUGJCVYJHZlcnNpb25YJG9iamVjdHNZJGFyY2hpdmVyVCR0b3ASAAGGoKgHCBMUFRYaIVUkbnVsbNMJCgsMDxJXTlMua2V5c1pOUy5vYmplY3RzViRjbGFzc6INDoACgAOiEBGABIAFgAdccmVsYXRpdmVQYXRoWWFsaWFzRGF0YV8QSS4uLy4uLy4uL0RvY3VtZW50cy9MaWJyYXJ5LnBhcGVyczMvQXJ0aWNsZXMvMjAxMC9FbGJhei9BJkEgMjAxMCBFbGJhei5wZGbSFwsYGVdOUy5kYXRhTxEB5AAAAAAB5AACAAAMTWFjaW50b3NoIEhEAAAAAAAAAAAAAAAAAAAAzperw0grAAAAGb7BEkEmQSAyMDEwIEVsYmF6LnBkZgAAAAAAAAAAAAAAAAAAAAAAAAAAAAAAAAAAAAAAAAAAAAAAAAAAAAAAAAAAAAAZnLnMQG/8AAAAAAAAAAAAAwAGAAAJIAAAAAAAAAAAAAAAAAAAAAVFbGJhegAAEAAIAADOl6vDAAAAEQAIAADMQGHsAAAAAQAcABm+wQAZjD8AGYvcABl6igAKkukACi27AAJkjgACAGBNYWNpbnRvc2ggSEQ6VXNlcnM6AHBkaDIxOgBEb2N1bWVudHM6AExpYnJhcnkucGFwZXJzMzoAQXJ0aWNsZXM6ADIwMTA6AEVsYmF6OgBBJkEgMjAxMCBFbGJhei5wZGYADgAmABIAQQAmAEEAIAAyADAAMQAwACAARQBsAGIAYQB6AC4AcABkAGYADwAaAAwATQBhAGMAaQBuAHQAbwBzAGgAIABIAEQAEgBMVXNlcnMvcGRoMjEvRG9jdW1lbnRzL0xpYnJhcnkucGFwZXJzMy9BcnRpY2xlcy8yMDEwL0VsYmF6L0EmQSAyMDEwIEVsYmF6LnBkZgATAAEvAAAVAAIADP//AACABtIbHB0eWiRjbGFzc25hbWVYJGNsYXNzZXNdTlNNdXRhYmxlRGF0YaMdHyBWTlNEYXRhWE5TT2JqZWN00hscIiNcTlNEaWN0aW9uYXJ5oiIgXxAPTlNLZXllZEFyY2hpdmVy0SYnVHJvb3SAAQAIABEAGgAjAC0AMgA3AEAARgBNAFUAYABnAGoAbABuAHEAcwB1AHcAhACOANoA3wDnAs8C0QLWAuEC6gL4AvwDAwMMAxEDHgMhAzMDNgM7AAAAAAAAAgEAAAAAAAAAKAAAAAAAAAAAAAAAAAAAAz0=},
	Bdsk-Url-1 = {http://www.aanda.org/10.1051/0004-6361/201014687},
	Bdsk-Url-2 = {http://dx.doi.org/10.1051/0004-6361/201014687}}

@article{Nguyen:2010,
	Author = {Nguyen, H T and Schulz, B and Levenson, L and Amblard, A and Arumugam, V and Aussel, H and Babbedge, T and Blain, A and Bock, J and Boselli, A and Buat, V and Castro-Rodr{\'\i}guez, N and Cava, A and Chanial, P and Chapin, E and Clements, D L and Conley, A and Conversi, L and Cooray, A and Dowell, C D and Dwek, E and Eales, S and Elbaz, D and Fox, M and Franceschini, A and Gear, W and Glenn, J and Griffin, M and Halpern, M and Hatziminaoglou, E and Ibar, E and Isaak, K and Ivison, R J and Lagache, G and Lu, N and Madden, S and Maffei, B and Mainetti, G and Marchetti, L and Marsden, G and Marshall, J and O{\textquoteright}Halloran, B and Oliver, S J and Omont, A and Page, M J and Panuzzo, P and Papageorgiou, A and Pearson, C P and P{\'e}rez-Fournon, I and Pohlen, M and Rangwala, N and Rigopoulou, D and Rizzo, D and Roseboom, I G and Rowan-Robinson, M and Scott, D and Seymour, N and Shupe, D L and Smith, A J and Stevens, J A and Symeonidis, M and Trichas, M and Tugwell, K E and Vaccari, M and Valtchanov, I and Vigroux, L and Wang, L and Ward, R and Wiebe, D and Wright, G and Xu, C K and Zemcov, M},
	Date-Added = {2014-05-09T11:38:19GMT},
	Date-Modified = {2014-08-28 10:10:23 +0000},
	Doi = {10.1051/0004-6361/201014680},
	File = {{A&A 2010 Nguyen.pdf:/Users/pdh21/Documents/Library.papers3/Articles/2010/Nguyen/A&A 2010 Nguyen.pdf:application/pdf}},
	Journal = {A{\&}A},
	Local-Url = {file://localhost/Users/pdh21/Documents/Library.papers3/Articles/2010/Nguyen/A&A%202010%20Nguyen.pdf},
	Month = jul,
	Pages = {L5},
	Rating = {0},
	Read = {Yes},
	Title = {{HerMES: The SPIRE confusion limit}},
	Uri = {\url{papers3://publication/doi/10.1051/0004-6361/201014680}},
	Url = {http://www.aanda.org/10.1051/0004-6361/201014680},
	Volume = {518},
	Year = {2010},
	Bdsk-File-1 = {YnBsaXN0MDDUAQIDBAUGJCVYJHZlcnNpb25YJG9iamVjdHNZJGFyY2hpdmVyVCR0b3ASAAGGoKgHCBMUFRYaIVUkbnVsbNMJCgsMDxJXTlMua2V5c1pOUy5vYmplY3RzViRjbGFzc6INDoACgAOiEBGABIAFgAdccmVsYXRpdmVQYXRoWWFsaWFzRGF0YV8QSy4uLy4uLy4uL0RvY3VtZW50cy9MaWJyYXJ5LnBhcGVyczMvQXJ0aWNsZXMvMjAxMC9OZ3V5ZW4vQSZBIDIwMTAgTmd1eWVuLnBkZtIXCxgZV05TLmRhdGFPEQHqAAAAAAHqAAIAAAxNYWNpbnRvc2ggSEQAAAAAAAAAAAAAAAAAAADOl6vDSCsAAAAZyf8TQSZBIDIwMTAgTmd1eWVuLnBkZgAAAAAAAAAAAAAAAAAAAAAAAAAAAAAAAAAAAAAAAAAAAAAAAAAAAAAAAAAAABmtV8w13xgAAAAAAAAAAAADAAYAAAkgAAAAAAAAAAAAAAAAAAAABk5ndXllbgAQAAgAAM6Xq8MAAAARAAgAAMw10QgAAAABABwAGcn/ABmMPwAZi9wAGXqKAAqS6QAKLbsAAmSOAAIAYk1hY2ludG9zaCBIRDpVc2VyczoAcGRoMjE6AERvY3VtZW50czoATGlicmFyeS5wYXBlcnMzOgBBcnRpY2xlczoAMjAxMDoATmd1eWVuOgBBJkEgMjAxMCBOZ3V5ZW4ucGRmAA4AKAATAEEAJgBBACAAMgAwADEAMAAgAE4AZwB1AHkAZQBuAC4AcABkAGYADwAaAAwATQBhAGMAaQBuAHQAbwBzAGgAIABIAEQAEgBOVXNlcnMvcGRoMjEvRG9jdW1lbnRzL0xpYnJhcnkucGFwZXJzMy9BcnRpY2xlcy8yMDEwL05ndXllbi9BJkEgMjAxMCBOZ3V5ZW4ucGRmABMAAS8AABUAAgAM//8AAIAG0hscHR5aJGNsYXNzbmFtZVgkY2xhc3Nlc11OU011dGFibGVEYXRhox0fIFZOU0RhdGFYTlNPYmplY3TSGxwiI1xOU0RpY3Rpb25hcnmiIiBfEA9OU0tleWVkQXJjaGl2ZXLRJidUcm9vdIABAAgAEQAaACMALQAyADcAQABGAE0AVQBgAGcAagBsAG4AcQBzAHUAdwCEAI4A3ADhAOkC1wLZAt4C6QLyAwADBAMLAxQDGQMmAykDOwM+A0MAAAAAAAACAQAAAAAAAAAoAAAAAAAAAAAAAAAAAAADRQ==},
	Bdsk-Url-1 = {http://www.aanda.org/10.1051/0004-6361/201014680},
	Bdsk-Url-2 = {http://dx.doi.org/10.1051/0004-6361/201014680}}

@article{Bourne:2014,
	Abstract = {We report an unexpected variation in the positional offset distributions between Herschel-ATLAS sub-millimetre (submm) sources and their optical associations, depending on both 250-{}m signal-to-noise ratio and 250/350-{}m colour. We show that redder and brighter submm sources have optical associations with a broader distribution of positional offsets than would be expected if these offsets were due to random positional errors in the source extraction. The observation can be explained by two possible effects: either red submm sources trace a more clustered population than blue ones, and their positional errors are increased by confusion; or red submm sources are generally at high redshifts and are frequently associated with low-redshift lensing structures which are identified as false counterparts. We perform various analyses of the data, including the multiplicity of optical associations, the redshift and magnitude distributions in H-ATLAS in comparison to HerMES, and simulations of weak lensing, and we conclude that the effects are most likely to be explained by widespread weak lensing of Herschel-SPIRE sources by foreground structures. This has important consequences for counterpart identification and derived redshift distributions and luminosity functions of submm surveys.},
	Annote = {10 pages, 6 figures. Resubmitted to MNRAS after addressing referee's
  comments},
	Author = {Bourne, N and Maddox, S J and Dunne, L and Dye, S and Eales, S and Hoyos, C and Gonzalez-Nuevo, J and Smith, D J B and Valiante, E and de Zotti, G and Ivison, R J and Rowlands, K},
	Date-Added = {2014-07-29T11:31:45GMT},
	Date-Modified = {2014-08-28 10:10:23 +0000},
	Eprint = {1407.5994v1},
	Eprintclass = {astro-ph.GA},
	Eprinttype = {arxiv},
	File = {{arXiv 2014 Bourne.pdf:/Users/pdh21/Documents/Library.papers3/Articles/2014/Bourne/arXiv 2014 Bourne.pdf:application/pdf;arXiv 2014 Bourne.pdf:/Users/pdh21/Documents/Library.papers3/Articles/2014/Bourne/arXiv 2014 Bourne.pdf:application/pdf}},
	Journal = {arXiv},
	Local-Url = {file://localhost/Users/pdh21/Documents/Library.papers3/Articles/2014/Bourne/arXiv%202014%20Bourne.pdf},
	Month = jul,
	Rating = {0},
	Read = {Yes},
	Title = {{Colour matters: the effects of lensing on the positional offsets between optical and submillimetre galaxies in Herschel-ATLAS}},
	Uri = {\url{papers3://publication/uuid/88B56FE4-0FE8-4B10-98E6-8D27AC306279}},
	Url = {http://arxiv.org/abs/1407.5994v1},
	Year = {2014},
	Bdsk-File-1 = {YnBsaXN0MDDUAQIDBAUGJCVYJHZlcnNpb25YJG9iamVjdHNZJGFyY2hpdmVyVCR0b3ASAAGGoKgHCBMUFRYaIVUkbnVsbNMJCgsMDxJXTlMua2V5c1pOUy5vYmplY3RzViRjbGFzc6INDoACgAOiEBGABIAFgAdccmVsYXRpdmVQYXRoWWFsaWFzRGF0YV8QTS4uLy4uLy4uL0RvY3VtZW50cy9MaWJyYXJ5LnBhcGVyczMvQXJ0aWNsZXMvMjAxNC9Cb3VybmUvYXJYaXYgMjAxNCBCb3VybmUucGRm0hcLGBlXTlMuZGF0YU8RAfIAAAAAAfIAAgAADE1hY2ludG9zaCBIRAAAAAAAAAAAAAAAAAAAAM6Xq8NIKwAAAEyBkxVhclhpdiAyMDE0IEJvdXJuZS5wZGYAAAAAAAAAAAAAAAAAAAAAAAAAAAAAAAAAAAAAAAAAAAAAAAAAAAAAAAAATIGVz/YPFAAAAAAAAAAAAAMABgAACSAAAAAAAAAAAAAAAAAAAAAGQm91cm5lABAACAAAzperwwAAABEACAAAz/YBBAAAAAEAHABMgZMAGZhXABmL3AAZeooACpLpAAotuwACZI4AAgBkTWFjaW50b3NoIEhEOlVzZXJzOgBwZGgyMToARG9jdW1lbnRzOgBMaWJyYXJ5LnBhcGVyczM6AEFydGljbGVzOgAyMDE0OgBCb3VybmU6AGFyWGl2IDIwMTQgQm91cm5lLnBkZgAOACwAFQBhAHIAWABpAHYAIAAyADAAMQA0ACAAQgBvAHUAcgBuAGUALgBwAGQAZgAPABoADABNAGEAYwBpAG4AdABvAHMAaAAgAEgARAASAFBVc2Vycy9wZGgyMS9Eb2N1bWVudHMvTGlicmFyeS5wYXBlcnMzL0FydGljbGVzLzIwMTQvQm91cm5lL2FyWGl2IDIwMTQgQm91cm5lLnBkZgATAAEvAAAVAAIADP//AACABtIbHB0eWiRjbGFzc25hbWVYJGNsYXNzZXNdTlNNdXRhYmxlRGF0YaMdHyBWTlNEYXRhWE5TT2JqZWN00hscIiNcTlNEaWN0aW9uYXJ5oiIgXxAPTlNLZXllZEFyY2hpdmVy0SYnVHJvb3SAAQAIABEAGgAjAC0AMgA3AEAARgBNAFUAYABnAGoAbABuAHEAcwB1AHcAhACOAN4A4wDrAuEC4wLoAvMC/AMKAw4DFQMeAyMDMAMzA0UDSANNAAAAAAAAAgEAAAAAAAAAKAAAAAAAAAAAAAAAAAAAA08=},
	Bdsk-Url-1 = {http://arxiv.org/abs/1407.5994v1}}
